=LDR  01927nam a22004453i 4500
=001  021012794
=003  Uk
=005  20230402222600.0
=006  m\\\\||\\d\|\\\\\\
=007  cr\|||||||||||
=008  230321s2022\\\\sz\|||||o\\\\||||\||eng\\
=FMT  \\$a  BK
=040  \\$aVaAlCD$beng$cVaAlCD$dUk
=245  00$aGuía operativa sobre el establecimiento de un sistema de cadena de ultrafrío en apoyo del lanzamiento de la vacuna contra la COVID-19 de Pfizer-BioNTech, 1 de febrero de 2022 /$cOrganización Mundial de la Salud, Fondo de las Naciones Unidas para la Infancia.
=264  \1$a[Switzerland] :$bWorld Health Organization,$c2022.
=300  \\$a1 online resource.
=336  \\$atext$2rdacontent
=337  \\$acomputer$2rdamedia
=338  \\$aonline resource$2rdacarrier
=653  \\$aCOVID-19
=653  \\$aRefrigeration
=653  \\$abetacoronavirus
=653  \\$acovid-19
=653  \\$acovid-19 vaccines
=653  \\$adisease outbreaks
=653  \\$aginebra
=653  \\$arefrigeration
=653  \\$asupply and distribution
=653  \\$atransportation
=710  2\$aWorld Health Organization.
=720  \\$aOrganización Mundial de la Salud
=720  \\$aFondo de las Naciones Unidas para la Infancia (‎UNICEF)‎
=856  4\$uhttps://policycommons.net/artifacts/2391508/guia-operativa-sobre-el-establecimiento-de-un-sistema-de-cadena-de-ultrafrio-en-apoyo-del-lanzamiento-de-la-vacuna-contra-la-covid-19-de-pfizer-biontech-1-de-febrero-de-2022/3412930/$yWorld Health Organization document$ahttps://policycommons.net/
=859  \\$aORR$bWorld Health Organization
=884  \\$aLDL ebooks tsv to marcxml transformation using XSLTtest.xsl$g20230321$qUk
=CAT  \\$aBATCH-IGO$b00$c20230402$lBLL01$h2226
=CAT  \\$aBATCH-UPD$b00$c20230402$lBLL01$h2226
=FIN  \\$aY$d20230402
=SRC  \\$aCoherent Digital WHO$bWHOrecords20230329.lex
=LAS  \\$aBATCH-UPD$b00$c20230402$lBLL01$h2226

