=LDR  01491nam a22003613i 4500
=001  021012797
=003  Uk
=005  20230402222600.0
=006  m\\\\||\\d\|\\\\\\
=007  cr\|||||||||||
=008  230321s2022\\\\sz\|||||o\\\\||||\||eng\\
=FMT  \\$a  BK
=040  \\$aVaAlCD$beng$cVaAlCD$dUk
=245  00$aDracunculiasis eradication: global surveillance summary, 2021 - Éradication de la dracunculose: bilan de la surveillance mondiale, 2021 /$cWorld Health Organization = Organisation mondiale de la Santé.
=264  \1$a[Switzerland] :$bWorld Health Organization,$c2022.
=300  \\$a1 online resource.
=336  \\$atext$2rdacontent
=337  \\$acomputer$2rdamedia
=338  \\$aonline resource$2rdacarrier
=520  3\$a23 p.
=653  \\$aGuinea Worm Disease
=653  \\$adracunculiasis
=653  \\$ageneva = genève
=710  2\$aWorld Health Organization.
=720  \\$aWorld Health Organization = Organisation mondiale de la Santé
=856  4\$uhttps://policycommons.net/artifacts/2446345/dracunculiasis-eradication/3468087/$yWorld Health Organization document$ahttps://policycommons.net/
=859  \\$aORR$bWorld Health Organization
=884  \\$aLDL ebooks tsv to marcxml transformation using XSLTtest.xsl$g20230321$qUk
=CAT  \\$aBATCH-IGO$b00$c20230402$lBLL01$h2226
=CAT  \\$aBATCH-UPD$b00$c20230402$lBLL01$h2226
=FIN  \\$aY$d20230402
=SRC  \\$aCoherent Digital WHO$bWHOrecords20230329.lex
=LAS  \\$aBATCH-UPD$b00$c20230402$lBLL01$h2226

