=LDR  01719nam a22005053i 4500
=001  021012800
=003  Uk
=005  20230402222600.0
=006  m\\\\||\\d\|\\\\\\
=007  cr\|||||||||||
=008  230321s2022\\\\sz\|||||o\\\\||||\||eng\\
=FMT  \\$a  BK
=040  \\$aVaAlCD$beng$cVaAlCD$dUk
=245  00$a2021 全球 结核病 报告 /$c世界卫生组织.
=264  \1$a[Switzerland] :$bWorld Health Organization,$c2022.
=300  \\$a1 online resource.
=336  \\$atext$2rdacontent
=337  \\$acomputer$2rdamedia
=338  \\$aonline resource$2rdacarrier
=520  3\$aiii, 18 页.
=653  \\$aCommunicable Diseases
=653  \\$aEconomics
=653  \\$aEpidemiology
=653  \\$aTuberculosis
=653  \\$aannual report
=653  \\$acommunicable diseases
=653  \\$aeconomics
=653  \\$aepidemiology
=653  \\$aorganizational objectives
=653  \\$aprevention and control
=653  \\$atuberculosis
=653  \\$atuberculosis, multidrug-resistant
=653  \\$atuberculosis, pulmonary
=653  \\$auniversal health insurance
=653  \\$a日内瓦
=710  2\$aWorld Health Organization.
=720  \\$a世界卫生组织
=856  4\$uhttps://policycommons.net/artifacts/2392903/2021-quan-qiu-jie-he-bing-bao-gao/3414417/$yWorld Health Organization document$ahttps://policycommons.net/
=859  \\$aORR$bWorld Health Organization
=884  \\$aLDL ebooks tsv to marcxml transformation using XSLTtest.xsl$g20230321$qUk
=CAT  \\$aBATCH-IGO$b00$c20230402$lBLL01$h2226
=CAT  \\$aBATCH-UPD$b00$c20230402$lBLL01$h2226
=FIN  \\$aY$d20230402
=SRC  \\$aCoherent Digital WHO$bWHOrecords20230329.lex
=LAS  \\$aBATCH-UPD$b00$c20230402$lBLL01$h2226

