=LDR  01692nam a22004453i 4500
=001  021012801
=003  Uk
=005  20230402222600.0
=006  m\\\\||\\d\|\\\\\\
=007  cr\|||||||||||
=008  230321s2022\\\\sz\|||||o\\\\||||\||eng\\
=FMT  \\$a  BK
=040  \\$aVaAlCD$beng$cVaAlCD$dUk
=245  00$aMicrobiological hazards in spices and dried aromatic herbs: meeting report /$cWorld Health Organization, Food and Agriculture Organization of the United Nations.
=264  \1$a[Switzerland] :$bWorld Health Organization,$c2022.
=300  \\$a1 online resource.
=336  \\$atext$2rdacontent
=337  \\$acomputer$2rdamedia
=338  \\$aonline resource$2rdacarrier
=653  \\$aRisk Assessment
=653  \\$aSpices
=653  \\$aconsumer product safety
=653  \\$afoodborne diseases
=653  \\$afood contamination
=653  \\$afood safety
=653  \\$ameeting abstract
=653  \\$arisk assessment
=653  \\$arome
=653  \\$aspices
=710  2\$aWorld Health Organization.
=720  \\$aWorld Health Organization
=720  \\$aFood and Agriculture Organization of the United Nations
=856  4\$uhttps://policycommons.net/artifacts/2391480/microbiological-hazards-in-spices-and-dried-aromatic-herbs/3412903/$yWorld Health Organization document$ahttps://policycommons.net/
=859  \\$aORR$bWorld Health Organization
=884  \\$aLDL ebooks tsv to marcxml transformation using XSLTtest.xsl$g20230321$qUk
=CAT  \\$aBATCH-IGO$b00$c20230402$lBLL01$h2226
=CAT  \\$aBATCH-UPD$b00$c20230402$lBLL01$h2226
=FIN  \\$aY$d20230402
=SRC  \\$aCoherent Digital WHO$bWHOrecords20230329.lex
=LAS  \\$aBATCH-UPD$b00$c20230402$lBLL01$h2226

