=LDR  01815nam a22003973i 4500
=001  021012803
=003  Uk
=005  20230402222600.0
=006  m\\\\||\\d\|\\\\\\
=007  cr\|||||||||||
=008  230321s2022\\\\sz\|||||o\\\\||||\||eng\\
=FMT  \\$a  BK
=040  \\$aVaAlCD$beng$cVaAlCD$dUk
=245  00$aWHO European conference on tackling noncommunicable diseases through digital solutions, 14-15 December 2021, Moscow. Good practice examples: European Response to Noncommunicable Diseases 4.0: 10 years following the Moscow Declaration viewed through the lens of the European Programme of Work /$cWorld Health Organization. Regional Office for Europe.
=264  \1$a[Switzerland] :$bWorld Health Organization,$c2022.
=300  \\$a1 online resource.
=336  \\$atext$2rdacontent
=337  \\$acomputer$2rdamedia
=338  \\$aonline resource$2rdacarrier
=653  \\$aEurope
=653  \\$aTechnology
=653  \\$acopenhagen
=653  \\$adigital technology
=653  \\$aeurope
=653  \\$anoncommunicable diseases
=653  \\$atechnology
=710  2\$aWorld Health Organization.
=720  \\$aWorld Health Organization. Regional Office for Europe
=856  4\$uhttps://policycommons.net/artifacts/2391490/who-european-conference-on-tackling-noncommunicable-diseases-through-digital-solutions-14-15-december-2021-moscow-good-practice-examples/3412920/$yWorld Health Organization document$ahttps://policycommons.net/
=859  \\$aORR$bWorld Health Organization
=884  \\$aLDL ebooks tsv to marcxml transformation using XSLTtest.xsl$g20230321$qUk
=CAT  \\$aBATCH-IGO$b00$c20230402$lBLL01$h2226
=CAT  \\$aBATCH-UPD$b00$c20230402$lBLL01$h2226
=FIN  \\$aY$d20230402
=SRC  \\$aCoherent Digital WHO$bWHOrecords20230329.lex
=LAS  \\$aBATCH-UPD$b00$c20230402$lBLL01$h2226

