=LDR  01879nam a22004093i 4500
=001  021012809
=003  Uk
=005  20230402222600.0
=006  m\\\\||\\d\|\\\\\\
=007  cr\|||||||||||
=008  230321s2022\\\\sz\|||||o\\\\||||\||rus\\
=FMT  \\$a  BK
=040  \\$aVaAlCD$beng$cVaAlCD$dUk
=041  \\$arus
=245  00$aСводное руководство по стратегической информации о ВИЧ: направленное воздействие программ мониторинга и управления. Веб-приложение A: cопоставление индикаторов 2020 г. с индикаторами из Руководства 2015 г /$cВсемирная организация здравоохранения.
=264  \1$a[Switzerland] :$bWorld Health Organization,$c2022.
=300  \\$a1 online resource.
=336  \\$atext$2rdacontent
=337  \\$acomputer$2rdamedia
=338  \\$aonline resource$2rdacarrier
=520  3\$a3 c.
=653  \\$aAids
=653  \\$adrug utilization review
=653  \\$aguidelines as topic
=653  \\$ahiv
=653  \\$ahiv infections
=653  \\$aкопенгаген
=710  2\$aWorld Health Organization.
=720  \\$aВсемирная организация здравоохранения
=856  4\$uhttps://policycommons.net/artifacts/2195491/svodnoe-rukovodstvo-po-strategicheskoi-informatsii-o-vich/2951715/$yWorld Health Organization document$ahttps://policycommons.net/
=859  \\$aORR$bWorld Health Organization
=884  \\$aLDL ebooks tsv to marcxml transformation using XSLTtest.xsl$g20230321$qUk
=CAT  \\$aBATCH-IGO$b00$c20230402$lBLL01$h2226
=CAT  \\$aBATCH-UPD$b00$c20230402$lBLL01$h2226
=FIN  \\$aY$d20230402
=SRC  \\$aCoherent Digital WHO$bWHOrecords20230329.lex
=LAS  \\$aBATCH-UPD$b00$c20230402$lBLL01$h2226

