=LDR  01463nam a22003733i 4500
=001  021012810
=003  Uk
=005  20230402222600.0
=006  m\\\\||\\d\|\\\\\\
=007  cr\|||||||||||
=008  230321s2022\\\\sz\|||||o\\\\||||\||eng\\
=FMT  \\$a  BK
=040  \\$aVaAlCD$beng$cVaAlCD$dUk
=245  00$aEnvironmental sanitation and the evolution of water, sanitation and hygiene /$cSophie Budge, Argaw Ambelu, Jamie Bartram, Joe Brown, Paul Hutchings.
=264  \1$a[Switzerland] :$bWorld Health Organization,$c2022.
=300  \\$a1 online resource.
=336  \\$atext$2rdacontent
=337  \\$acomputer$2rdamedia
=338  \\$aonline resource$2rdacarrier
=653  \\$aperspectives
=700  1\$aBudge, Sophie.
=700  1\$aAmbelu, Argaw.
=700  1\$aBartram, Jamie.
=700  1\$aBrown, Joe.
=700  1\$aHutchings, Paul.
=710  2\$aWorld Health Organization.
=856  4\$uhttps://policycommons.net/artifacts/2298228/environmental-sanitation-and-the-evolution-of-water-sanitation-and-hygiene/3058716/$yWorld Health Organization document$ahttps://policycommons.net/
=859  \\$aORR$bWorld Health Organization
=884  \\$aLDL ebooks tsv to marcxml transformation using XSLTtest.xsl$g20230321$qUk
=CAT  \\$aBATCH-IGO$b00$c20230402$lBLL01$h2226
=CAT  \\$aBATCH-UPD$b00$c20230402$lBLL01$h2226
=FIN  \\$aY$d20230402
=SRC  \\$aCoherent Digital WHO$bWHOrecords20230329.lex
=LAS  \\$aBATCH-UPD$b00$c20230402$lBLL01$h2226

