=LDR  01553nam a22003733i 4500
=001  021012812
=003  Uk
=005  20230402222600.0
=006  m\\\\||\\d\|\\\\\\
=007  cr\|||||||||||
=008  230321s2022\\\\sz\|||||o\\\\||||\||eng\\
=FMT  \\$a  BK
=040  \\$aVaAlCD$beng$cVaAlCD$dUk
=245  00$aImpact of climate change on biodiversity, agriculture and health: a call for papers /$cNaoko Yamamoto, Rapeepong Suphanchaimat, Hathaichanok Sukbut, Somtanuek Chotchoungchatchai, Viroj Tangcharoensathien.
=264  \1$a[Switzerland] :$bWorld Health Organization,$c2022.
=300  \\$a1 online resource.
=336  \\$atext$2rdacontent
=337  \\$acomputer$2rdamedia
=338  \\$aonline resource$2rdacarrier
=653  \\$aeditorials
=700  1\$aYamamoto, Naoko.
=700  1\$aSuphanchaimat, Rapeepong.
=700  1\$aSukbut, Hathaichanok.
=700  1\$aChotchoungchatchai, Somtanuek.
=710  2\$aWorld Health Organization.
=720  \\$aTangcharoensathien, Viroj
=856  4\$uhttps://policycommons.net/artifacts/2298227/impact-of-climate-change-on-biodiversity-agriculture-and-health/3058706/$yWorld Health Organization document$ahttps://policycommons.net/
=859  \\$aORR$bWorld Health Organization
=884  \\$aLDL ebooks tsv to marcxml transformation using XSLTtest.xsl$g20230321$qUk
=CAT  \\$aBATCH-IGO$b00$c20230402$lBLL01$h2226
=CAT  \\$aBATCH-UPD$b00$c20230402$lBLL01$h2226
=FIN  \\$aY$d20230402
=SRC  \\$aCoherent Digital WHO$bWHOrecords20230329.lex
=LAS  \\$aBATCH-UPD$b00$c20230402$lBLL01$h2226

