=LDR  01754nam a22004333i 4500
=001  021012814
=003  Uk
=005  20230402222600.0
=006  m\\\\||\\d\|\\\\\\
=007  cr\|||||||||||
=008  230321s2022\\\\sz\|||||o\\\\||||\||eng\\
=FMT  \\$a  BK
=040  \\$aVaAlCD$beng$cVaAlCD$dUk
=245  00$aStrengthening hospital resilience in the Eastern Mediterranean Region: a policy paper on facility-level preparedness /$cWorld Health Organization. Regional Office for the Eastern Mediterranean.
=264  \1$a[Switzerland] :$bWorld Health Organization,$c2022.
=300  \\$a1 online resource.
=336  \\$atext$2rdacontent
=337  \\$acomputer$2rdamedia
=338  \\$aonline resource$2rdacarrier
=653  \\$aHospitals
=653  \\$aMediterranean Region
=653  \\$acairo
=653  \\$aequipment and supplies, hospital
=653  \\$ahealth facility planning
=653  \\$ahealth systems
=653  \\$ahospital planning
=653  \\$ahospitals
=653  \\$amediterranean region
=653  \\$auniversal health insurance
=710  2\$aWorld Health Organization.
=720  \\$aWorld Health Organization. Regional Office for the Eastern Mediterranean
=856  4\$uhttps://policycommons.net/artifacts/2295352/strengthening-hospital-resilience-in-the-eastern-mediterranean-region/3055639/$yWorld Health Organization document$ahttps://policycommons.net/
=859  \\$aORR$bWorld Health Organization
=884  \\$aLDL ebooks tsv to marcxml transformation using XSLTtest.xsl$g20230321$qUk
=CAT  \\$aBATCH-IGO$b00$c20230402$lBLL01$h2226
=CAT  \\$aBATCH-UPD$b00$c20230402$lBLL01$h2226
=FIN  \\$aY$d20230402
=SRC  \\$aCoherent Digital WHO$bWHOrecords20230329.lex
=LAS  \\$aBATCH-UPD$b00$c20230402$lBLL01$h2226

