=LDR  01912nam a22004693i 4500
=001  021012819
=003  Uk
=005  20230402222600.0
=006  m\\\\||\\d\|\\\\\\
=007  cr\|||||||||||
=008  230321s2022\\\\sz\|||||o\\\\||||\||eng\\
=FMT  \\$a  BK
=040  \\$aVaAlCD$beng$cVaAlCD$dUk
=041  \\$aeng
=245  00$aWHO method for estimating congenital syphilis to inform surveillance and service provision, Paraguay /$cKatherine Heath, Monica Alonso, Gloria Aguilar, Tania Samudio, Eline Korenromp, Jane Rowley, Anita Suleiman, Ye Yu Shwe, Khin Cho Win Htin, Naoko Ishikawa, Morkor Newman Owiredu, Melanie Taylor.
=264  \1$a[Switzerland] :$bWorld Health Organization,$c2022.
=300  \\$a1 online resource.
=336  \\$atext$2rdacontent
=337  \\$acomputer$2rdamedia
=338  \\$aonline resource$2rdacarrier
=653  \\$alessons from the field
=700  1\$aHeath, Katherine.
=700  1\$aAlonso, Monica.
=700  1\$aAguilar, Gloria.
=700  1\$aSamudio, Tania.
=700  1\$aKorenromp, Eline.
=700  1\$aRowley, Jane.
=700  1\$aSuleiman, Anita.
=700  1\$aShwe, Ye Yu.
=700  1\$aHtin, Khin Cho Win.
=700  1\$aIshikawa, Naoko.
=700  1\$aOwiredu, Morkor Newman.
=700  1\$aTaylor, Melanie.
=710  2\$aWorld Health Organization.
=856  4\$uhttps://policycommons.net/artifacts/2273607/who-method-for-estimating-congenital-syphilis-to-inform-surveillance-and-service-provision-paraguay/3033437/$yWorld Health Organization document$ahttps://policycommons.net/
=859  \\$aORR$bWorld Health Organization
=884  \\$aLDL ebooks tsv to marcxml transformation using XSLTtest.xsl$g20230321$qUk
=CAT  \\$aBATCH-IGO$b00$c20230402$lBLL01$h2226
=CAT  \\$aBATCH-UPD$b00$c20230402$lBLL01$h2226
=FIN  \\$aY$d20230402
=SRC  \\$aCoherent Digital WHO$bWHOrecords20230329.lex
=LAS  \\$aBATCH-UPD$b00$c20230402$lBLL01$h2226

