=LDR  03088nam a22004213i 4500
=001  021012821
=003  Uk
=005  20230402222600.0
=006  m\\\\||\\d\|\\\\\\
=007  cr\|||||||||||
=008  230321s2022\\\\sz\|||||o\\\\||||\||eng\\
=FMT  \\$a  BK
=040  \\$aVaAlCD$beng$cVaAlCD$dUk
=041  \\$aeng
=245  00$aWHO European Regional Obesity Report 2022 /$cWHO.
=264  \1$a[Switzerland] :$bWorld Health Organization,$c2022.
=300  \\$a1 online resource.
=336  \\$atext$2rdacontent
=337  \\$acomputer$2rdamedia
=338  \\$aonline resource$2rdacarrier
=520  3\$aObesity is a complex multifactorial disease defined by excessive adiposity and is linked to an increased risk for many noncommunicable diseases (NCDs). Overweight and obesity affect almost 60% of adults and nearly one in three children (29% of boys and 27% of girls) in the WHO European Region. Recent estimates suggest that overweight and obesity is the fourth most common risk factor for NCDs in the Region, after high blood pressure, dietary risks and tobacco. It is also the leading risk factor for disability, causing 7% of total years lived with disability, and obesity is linked to greater morbidity and mortality from COVID-19. Early studies from a number of countries in the Region indicate that the prevalence of overweight and obesity and/or mean body mass index has increased in children and adolescents during the COVID-19 pandemic. This report examines the growing challenge and impact of obesity in the Region, building on past publications and aligning with initiatives to tackle cancer. The report focuses on managing obesity throughout the life course and tackling obesogenic environments.
=520  3\$ait also considers more recent challenges, including problematic digital marketing to children and the impact of the COVID-19 pandemic on obesity prevalence. Policy options to prevent obesity are outlined for consideration by Member States together with a suite of population-level approaches. The report highlights the importance of including prevention and control of obesity within measures to build back better in the wake of the COVID-19 pandemic. Addressing obesity is critical towards achieving the Sustainable Development Goals and is a priority in the European Programme of Work 2020-2025: United Action for Better Health.
=653  \\$aEurope
=653  \\$aHealth Policy
=653  \\$aObesity
=653  \\$aeurope
=653  \\$ahealth policy
=653  \\$aobesity
=710  2\$aWorld Health Organization.
=720  \\$aWHO
=856  4\$uhttps://policycommons.net/artifacts/2389136/9789289057738-eng/3410321/$yWorld Health Organization document$ahttps://policycommons.net/
=859  \\$aORR$bWorld Health Organization
=884  \\$aLDL ebooks tsv to marcxml transformation using XSLTtest.xsl$g20230321$qUk
=CAT  \\$aBATCH-IGO$b00$c20230402$lBLL01$h2226
=CAT  \\$aBATCH-UPD$b00$c20230402$lBLL01$h2226
=FIN  \\$aY$d20230402
=SRC  \\$aCoherent Digital WHO$bWHOrecords20230329.lex
=LAS  \\$aBATCH-UPD$b00$c20230402$lBLL01$h2226

