=LDR  01746nam a22004693i 4500
=001  021012824
=003  Uk
=005  20230402222600.0
=006  m\\\\||\\d\|\\\\\\
=007  cr\|||||||||||
=008  230321s2022\\\\sz\|||||o\\\\||||\||fre\\
=FMT  \\$a  BK
=040  \\$aVaAlCD$beng$cVaAlCD$dUk
=041  \\$afre
=245  03$aLa Résilience des systèmes de santé post-COVID : Vers une plus grande coopération européenne /$cl'Observatoire européen des systèmes et des politiques de santé.
=264  \1$a[Switzerland] :$bWorld Health Organization,$c2022.
=300  \\$a1 online resource.
=336  \\$atext$2rdacontent
=337  \\$acomputer$2rdamedia
=338  \\$aonline resource$2rdacarrier
=520  3\$ap.
=653  \\$aCOVID-19
=653  \\$aHealth Services
=653  \\$aPublic Health
=653  \\$acopenhague
=653  \\$acovid-19
=653  \\$adelivery of health care
=653  \\$aeuropean union
=653  \\$ahealth services
=653  \\$ahealth systems plans
=653  \\$ahealth workforce
=653  \\$apublic health
=710  2\$aWorld Health Organization.
=720  \\$al'Observatoire européen des systèmes et des politiques de santé
=856  4\$uhttps://policycommons.net/artifacts/2198982/la-resilience-des-systemes-de-sante-post-covid/2955334/$yWorld Health Organization document$ahttps://policycommons.net/
=859  \\$aORR$bWorld Health Organization
=884  \\$aLDL ebooks tsv to marcxml transformation using XSLTtest.xsl$g20230321$qUk
=CAT  \\$aBATCH-IGO$b00$c20230402$lBLL01$h2226
=CAT  \\$aBATCH-UPD$b00$c20230402$lBLL01$h2226
=FIN  \\$aY$d20230402
=SRC  \\$aCoherent Digital WHO$bWHOrecords20230329.lex
=LAS  \\$aBATCH-UPD$b00$c20230402$lBLL01$h2226

