=LDR  01479nam a22003373i 4500
=001  021012825
=003  Uk
=005  20230402222600.0
=006  m\\\\||\\d\|\\\\\\
=007  cr\|||||||||||
=008  230321s2022\\\\sz\|||||o\\\\||||\||fre\\
=FMT  \\$a  BK
=040  \\$aVaAlCD$beng$cVaAlCD$dUk
=041  \\$afre
=245  00$aVingt-neuvième Comité permanent du Comité régional de l'Europe: rapport sur la deuxième session: session virtuelle, mercredi 8 décembre 2021 /$cVingt-neuvième Comité permanent du Comité régional de l'Europe.
=264  \1$a[Switzerland] :$bWorld Health Organization,$c2022.
=300  \\$a1 online resource.
=336  \\$atext$2rdacontent
=337  \\$acomputer$2rdamedia
=338  \\$aonline resource$2rdacarrier
=653  \\$acopenhague
=710  2\$aWorld Health Organization.
=720  \\$aVingt-neuvième Comité permanent du Comité régional de l'Europe
=856  4\$uhttps://policycommons.net/artifacts/2223357/vingt-neuvieme-comite-permanent-du-comite-regional-de-leurope/2980787/$yWorld Health Organization document$ahttps://policycommons.net/
=859  \\$aORR$bWorld Health Organization
=884  \\$aLDL ebooks tsv to marcxml transformation using XSLTtest.xsl$g20230321$qUk
=CAT  \\$aBATCH-IGO$b00$c20230402$lBLL01$h2226
=CAT  \\$aBATCH-UPD$b00$c20230402$lBLL01$h2226
=FIN  \\$aY$d20230402
=SRC  \\$aCoherent Digital WHO$bWHOrecords20230329.lex
=LAS  \\$aBATCH-UPD$b00$c20230402$lBLL01$h2226

