=LDR  01640nam a22004453i 4500
=001  021012828
=003  Uk
=005  20230402222600.0
=006  m\\\\||\\d\|\\\\\\
=007  cr\|||||||||||
=008  230321s2022\\\\sz\|||||o\\\\||||\||eng\\
=FMT  \\$a  BK
=040  \\$aVaAlCD$beng$cVaAlCD$dUk
=245  00$aWHO consolidated guidelines on tuberculosis: module 5: management of tuberculosis in children and adolescents /$cWorld Health Organization.
=264  \1$a[Switzerland] :$bWorld Health Organization,$c2022.
=300  \\$a1 online resource.
=336  \\$atext$2rdacontent
=337  \\$acomputer$2rdamedia
=338  \\$aonline resource$2rdacarrier
=653  \\$aadolescent
=653  \\$achild
=653  \\$adiagnosis
=653  \\$ageneva
=653  \\$aguideline
=653  \\$ahealth planning
=653  \\$anational health programs
=653  \\$aprevention and control
=653  \\$apreventive health services
=653  \\$atuberculosis, multidrug-resistant
=653  \\$awho guideline
=710  2\$aWorld Health Organization.
=720  \\$aWorld Health Organization
=856  4\$uhttps://policycommons.net/artifacts/2294702/who-consolidated-guidelines-on-tuberculosis/3054986/$yWorld Health Organization document$ahttps://policycommons.net/
=859  \\$aORR$bWorld Health Organization
=884  \\$aLDL ebooks tsv to marcxml transformation using XSLTtest.xsl$g20230321$qUk
=CAT  \\$aBATCH-IGO$b00$c20230402$lBLL01$h2226
=CAT  \\$aBATCH-UPD$b00$c20230402$lBLL01$h2226
=FIN  \\$aY$d20230402
=SRC  \\$aCoherent Digital WHO$bWHOrecords20230329.lex
=LAS  \\$aBATCH-UPD$b00$c20230402$lBLL01$h2226

