=LDR  01930nam a22004093i 4500
=001  021012837
=003  Uk
=005  20230402222600.0
=006  m\\\\||\\d\|\\\\\\
=007  cr\|||||||||||
=008  230321s2022\\\\sz\|||||o\\\\||||\||eng\\
=FMT  \\$a  BK
=040  \\$aVaAlCD$beng$cVaAlCD$dUk
=245  00$aStandardized protocol for clinical management and medical data-sharing for people living with HIV among refugees from Ukraine /$cWorld Health Organization. Regional Office for Europe.
=264  \1$a[Switzerland] :$bWorld Health Organization,$c2022.
=300  \\$a1 online resource.
=336  \\$atext$2rdacontent
=337  \\$acomputer$2rdamedia
=338  \\$aonline resource$2rdacarrier
=520  3\$aThis brief publication sets out recommend principles of clinical management and describes how medical data related to care can be shared among health professionals engaged in providing medical care for refugees from Ukraine who are living with HIV and who are seeking care in other European countries.
=653  \\$aRefugees
=653  \\$aUkraine
=653  \\$acopenhagen
=653  \\$adata management
=653  \\$ahiv
=653  \\$arefugees
=653  \\$aukraine
=710  2\$aWorld Health Organization.
=720  \\$aWorld Health Organization. Regional Office for Europe
=856  4\$uhttps://policycommons.net/artifacts/2391496/standardized-protocol-for-clinical-management-and-medical-data-sharing-for-people-living-with-hiv-among-refugees-from-ukraine/3412912/$yWorld Health Organization document$ahttps://policycommons.net/
=859  \\$aORR$bWorld Health Organization
=884  \\$aLDL ebooks tsv to marcxml transformation using XSLTtest.xsl$g20230321$qUk
=CAT  \\$aBATCH-IGO$b00$c20230402$lBLL01$h2226
=CAT  \\$aBATCH-UPD$b00$c20230402$lBLL01$h2226
=FIN  \\$aY$d20230402
=SRC  \\$aCoherent Digital WHO$bWHOrecords20230329.lex
=LAS  \\$aBATCH-UPD$b00$c20230402$lBLL01$h2226

