=LDR  01704nam a22004093i 4500
=001  021012839
=003  Uk
=005  20230402222600.0
=006  m\\\\||\\d\|\\\\\\
=007  cr\|||||||||||
=008  230321s2022\\\\sz\|||||o\\\\||||\||eng\\
=FMT  \\$a  BK
=040  \\$aVaAlCD$beng$cVaAlCD$dUk
=041  \\$aeng
=245  00$aInterim recommendations for use of the inactivated COVID-19 vaccine BIBP developed by China National Biotec Group (‎CNBG)‎, Sinopharm: interim guidance, first issued 7 May 2021, updated 28 October 2021, updated 15 March 2022 /$cWorld Health Organization.
=264  \1$a[Switzerland] :$bWorld Health Organization,$c2022.
=300  \\$a1 online resource.
=336  \\$atext$2rdacontent
=337  \\$acomputer$2rdamedia
=338  \\$aonline resource$2rdacarrier
=653  \\$aCOVID-19
=653  \\$abetacoronavirus
=653  \\$acovid-19
=653  \\$acovid-19 vaccines
=653  \\$adisease outbreaks
=653  \\$ageneva
=653  \\$aguideline
=710  2\$aWorld Health Organization.
=720  \\$aWorld Health Organization
=856  4\$uhttps://policycommons.net/artifacts/2275031/interim-recommendations-for-use-of-the-inactivated-covid-19-vaccine-bibp-developed-by-china-national-biotec-group-cnbg-sinopharm/3035003/$yWorld Health Organization document$ahttps://policycommons.net/
=859  \\$aORR$bWorld Health Organization
=884  \\$aLDL ebooks tsv to marcxml transformation using XSLTtest.xsl$g20230321$qUk
=CAT  \\$aBATCH-IGO$b00$c20230402$lBLL01$h2226
=CAT  \\$aBATCH-UPD$b00$c20230402$lBLL01$h2227
=FIN  \\$aY$d20230402
=SRC  \\$aCoherent Digital WHO$bWHOrecords20230329.lex
=LAS  \\$aBATCH-UPD$b00$c20230402$lBLL01$h2227

