=LDR  02791nam a22004453i 4500
=001  021012842
=003  Uk
=005  20230402222600.0
=006  m\\\\||\\d\|\\\\\\
=007  cr\|||||||||||
=008  230321s2022\\\\sz\|||||o\\\\||||\||eng\\
=FMT  \\$a  BK
=040  \\$aVaAlCD$beng$cVaAlCD$dUk
=041  \\$aeng
=245  00$aFuture steps to tackle obesity: digital innovations into policy and actions. Conference report, 29 June 2021 /$cWorld Health Organization. Regional Office for Europe.
=264  \1$a[Switzerland] :$bWorld Health Organization,$c2022.
=300  \\$a1 online resource.
=336  \\$atext$2rdacontent
=337  \\$acomputer$2rdamedia
=338  \\$aonline resource$2rdacarrier
=520  3\$aThe Portuguese Ministry of Health under the Portuguese Presidency of the Council of the European Union and the WHO Regional Office for Europe jointly organized a conference 'Future steps to tackle obesity: digital innovations into policy and actions', which took place on 29 June 2021. This conference included discussions and deliberations by a panel of experts on how the widespread use of digital tools and applications in the food environment affects structural and behavioural changes in our food choices. By understanding the threats and opportunities created by the digital world, actions can be formulated to tackle and prevent obesity. The conference concluded with the Lisbon Call to Action, which proposes that children under 18 years of age should be protected from obesogenic digital environments by reducing their exposure to digital marketing of unhealthy food products and by expanding the opportunities offered by digitalization to enhance the accessibility and affordability of healthy and environmentally sustainable food. The Call to Action, signed by the Portuguese Minister of Health, calls on governments, diverse stakeholders and relevant actors to become signatories.
=653  \\$aFood
=653  \\$aHealth Policy
=653  \\$aObesity
=653  \\$acopenhagen
=653  \\$adiet
=653  \\$afood
=653  \\$ahealth policy
=653  \\$anoncommunicable diseases
=653  \\$aobesity
=710  2\$aWorld Health Organization.
=720  \\$aWorld Health Organization. Regional Office for Europe
=856  4\$uhttps://policycommons.net/artifacts/2228157/future-steps-to-tackle-obesity/2985589/$yWorld Health Organization document$ahttps://policycommons.net/
=859  \\$aORR$bWorld Health Organization
=884  \\$aLDL ebooks tsv to marcxml transformation using XSLTtest.xsl$g20230321$qUk
=CAT  \\$aBATCH-IGO$b00$c20230402$lBLL01$h2226
=CAT  \\$aBATCH-UPD$b00$c20230402$lBLL01$h2227
=FIN  \\$aY$d20230402
=SRC  \\$aCoherent Digital WHO$bWHOrecords20230329.lex
=LAS  \\$aBATCH-UPD$b00$c20230402$lBLL01$h2227

