=LDR  02461nam a22006013i 4500
=001  021012844
=003  Uk
=005  20230402222600.0
=006  m\\\\||\\d\|\\\\\\
=007  cr\|||||||||||
=008  230321s2022\\\\sz\|||||o\\\\||||\||eng\\
=FMT  \\$a  BK
=040  \\$aVaAlCD$beng$cVaAlCD$dUk
=041  \\$aeng
=245  00$aUse of SARS-CoV-2 antigen-detection rapid diagnostic tests for COVID-19 self-testing: interim guidance, 9 March 2022: web annex C: multi-country study of values and preferences on COVID-19 self-testing using SARS-CoV-2 Ag-RDTs /$cSonjelle Shilton, Guillermo Z. Martínez-Pérez, Morenike Oluwatoyin Folayan, Caroline Thomas, Griffins Manguro, Cesar Carcamo, Michael Wilson, Danvic Rosadiño, Álvaro Machado Dias, Tripti Sharma, Albert Roca, Elena Ivanova Reipold.
=264  \1$a[Switzerland] :$bWorld Health Organization,$c2022.
=300  \\$a1 online resource.
=336  \\$atext$2rdacontent
=337  \\$acomputer$2rdamedia
=338  \\$aonline resource$2rdacarrier
=653  \\$aCOVID-19
=653  \\$abetacoronavirus
=653  \\$acovid-19
=653  \\$acovid-19 testing
=653  \\$adiagnosis
=653  \\$adiagnostic tests, routine
=653  \\$adisease outbreaks
=653  \\$ageneva
=653  \\$aguidelines as topic
=653  \\$areagent kits, diagnostic
=653  \\$aself-testing
=653  \\$asensitivity and specificity
=700  1\$aShilton, Sonjelle.
=700  1\$aMartínez-Pérez, Guillermo Z.
=700  1\$aFolayan, Morenike Oluwatoyin.
=700  1\$aThomas, Caroline.
=700  1\$aManguro, Griffins.
=700  1\$aCarcamo, Cesar.
=700  1\$aWilson, Michael.
=700  1\$aRosadiño, Danvic.
=700  1\$aMachado Dias, Álvaro.
=700  1\$aSharma, Tripti.
=700  1\$aRoca, Albert.
=700  1\$aIvanova Reipold, Elena.
=710  2\$aWorld Health Organization.
=856  4\$uhttps://policycommons.net/artifacts/2270226/use-of-sars-cov-2-antigen-detection-rapid-diagnostic-tests-for-covid-19-self-testing/3030037/$yWorld Health Organization document$ahttps://policycommons.net/
=859  \\$aORR$bWorld Health Organization
=884  \\$aLDL ebooks tsv to marcxml transformation using XSLTtest.xsl$g20230321$qUk
=CAT  \\$aBATCH-IGO$b00$c20230402$lBLL01$h2226
=CAT  \\$aBATCH-UPD$b00$c20230402$lBLL01$h2227
=FIN  \\$aY$d20230402
=SRC  \\$aCoherent Digital WHO$bWHOrecords20230329.lex
=LAS  \\$aBATCH-UPD$b00$c20230402$lBLL01$h2227

