=LDR  02659nam a22004453i 4500
=001  021012848
=003  Uk
=005  20230402222600.0
=006  m\\\\||\\d\|\\\\\\
=007  cr\|||||||||||
=008  230321s2022\\\\sz\|||||o\\\\||||\||eng\\
=FMT  \\$a  BK
=040  \\$aVaAlCD$beng$cVaAlCD$dUk
=041  \\$aeng
=245  00$aEstablishment of key elements of national systems for sound chemicals management in selected countries in eastern Europe, the Caucasus and central Asia: Belarus, Georgia and Kazakhstan /$cWorld Health Organization. Regional Office for Europe.
=264  \1$a[Switzerland] :$bWorld Health Organization,$c2022.
=300  \\$a1 online resource.
=336  \\$atext$2rdacontent
=337  \\$acomputer$2rdamedia
=338  \\$aonline resource$2rdacarrier
=520  3\$aThe project 'Establishment of key elements of national systems for sound chemicals management in selected countries in eastern Europe, the Caucasus and central Asia' was implemented by the WHO Regional Office for Europe through its WHO European Centre for Environment and Health in three European Member States - Belarus, Georgia and Kazakhstan - from 2018 to 2021. This publication describes the main project outcomes and impacts on chemicals management in the implementing countries. It includes references to global and regional policy contexts, key elements of chemicals management in the context of national policies, and challenges and opportunities for consideration on the road to sound chemicals management. This publication is aimed at public health professionals in countries working towards improving chemicals management.
=653  \\$aCapacity Building
=653  \\$aKazakhstan
=653  \\$aPublic Health
=653  \\$acapacity building
=653  \\$acopenhagen
=653  \\$ageorgia
=653  \\$akazakhstan
=653  \\$apublic health
=653  \\$arepublic of belarus
=710  2\$aWorld Health Organization.
=720  \\$aWorld Health Organization. Regional Office for Europe
=856  4\$uhttps://policycommons.net/artifacts/2197476/establishment-of-key-elements-of-national-systems-for-sound-chemicals-management-in-selected-countries-in-eastern-europe-the-caucasus-and-central-asia/2953837/$yWorld Health Organization document$ahttps://policycommons.net/
=859  \\$aORR$bWorld Health Organization
=884  \\$aLDL ebooks tsv to marcxml transformation using XSLTtest.xsl$g20230321$qUk
=CAT  \\$aBATCH-IGO$b00$c20230402$lBLL01$h2226
=CAT  \\$aBATCH-UPD$b00$c20230402$lBLL01$h2227
=FIN  \\$aY$d20230402
=SRC  \\$aCoherent Digital WHO$bWHOrecords20230329.lex
=LAS  \\$aBATCH-UPD$b00$c20230402$lBLL01$h2227

