=LDR  03386nam a22004933i 4500
=001  021012851
=003  Uk
=005  20230402222600.0
=006  m\\\\||\\d\|\\\\\\
=007  cr\|||||||||||
=008  230321s2022\\\\sz\|||||o\\\\||||\||eng\\
=FMT  \\$a  BK
=040  \\$aVaAlCD$beng$cVaAlCD$dUk
=041  \\$aeng
=245  00$aUnequal coverage of nutrition and health interventions for women and children in seven countries /$cPhuong Hong Nguyen, Nishmeet Singh, Samuel Scott, Sumanta Neupane, Manita Jangid, Monika Walia, Zivai Murira, Zulfiqar A. Bhutta, Harriet Torlesse, Ellen Piwoz, Rebecca Heidkamp, Purnima Menon.
=264  \1$a[Switzerland] :$bWorld Health Organization,$c2022.
=300  \\$a1 online resource.
=336  \\$atext$2rdacontent
=337  \\$acomputer$2rdamedia
=338  \\$aonline resource$2rdacarrier
=520  3\$aWe estimated co-coverage for a set of eight health and eight nutrition interventions and assessed within-country inequalities in co-coverage by wealth and geography. [...] Pakistan and Sri Lanka are home to around 1.97 billion or Nutrition interventions are key components of UHC.6 There 25% of the world's population of 7.9 billion, almost 59 million is evidence that a package of nutrition interventions, if scaled to of the world's 151 million stunted children and 27 million of 90% coverage, could reduce stunting by 20% and reduce infant the world's 51 million wasted [...] To track the scale-up of nutrition interventions, a populations.11 Nevertheless, health coverage and financial risk group of nutrition researchers proposed a set of 24 high-impact protection is low in these countries,12 and less is known about nutrition-specific interventions along with indicators for tracking coverage of essential nutrition interventions. [...] Health interventions We selected eight health interventions based on recommendations from previous studies.2,4,21 Methods The interventions included three interventions for mothers during pregnancy and delivery, three vaccines and vitamin A supplementation for the child, and safe water supply for the household. [...] Measures We followed a multistep process to select the health and nutrition intervention of the intervention in previous UHC analy- health and nutrition interventions (that coverage indicators.
=653  \\$aResearch
=653  \\$aresearch
=700  1\$aNguyen, Phuong Hong.
=700  1\$aSingh, Nishmeet.
=700  1\$aScott, Samuel.
=700  1\$aNeupane, Sumanta.
=700  1\$aJangid, Manita.
=700  1\$aWalia, Monika.
=700  1\$aMurira, Zivai.
=700  1\$aBhutta, Zulfiqar A.
=700  1\$aTorlesse, Harriet.
=700  1\$aPiwoz, Ellen.
=700  1\$aHeidkamp, Rebecca.
=700  1\$aMenon, Purnima.
=710  2\$aWorld Health Organization.
=856  4\$uhttps://policycommons.net/artifacts/2195494/unequal-coverage-of-nutrition-and-health-interventions-for-women-and-children-in-seven-countries/2951875/$yWorld Health Organization document$ahttps://policycommons.net/
=859  \\$aORR$bWorld Health Organization
=884  \\$aLDL ebooks tsv to marcxml transformation using XSLTtest.xsl$g20230321$qUk
=CAT  \\$aBATCH-IGO$b00$c20230402$lBLL01$h2226
=CAT  \\$aBATCH-UPD$b00$c20230402$lBLL01$h2227
=FIN  \\$aY$d20230402
=SRC  \\$aCoherent Digital WHO$bWHOrecords20230329.lex
=LAS  \\$aBATCH-UPD$b00$c20230402$lBLL01$h2227

