=LDR  01596nam a22004093i 4500
=001  021012853
=003  Uk
=005  20230402222601.0
=006  m\\\\||\\d\|\\\\\\
=007  cr\|||||||||||
=008  230321s2022\\\\sz\|||||o\\\\||||\||eng\\
=FMT  \\$a  BK
=040  \\$aVaAlCD$beng$cVaAlCD$dUk
=041  \\$aeng
=245  00$aPromoting health equity during the COVID-19 pandemic, United States /$cJazmyn T. Moore, Carolina Luna-Pinto, Heidi Cox, Sima Razi, Michael E. St. Louis, Jessica N. Ricaldi, Leandris Liburd.
=264  \1$a[Switzerland] :$bWorld Health Organization,$c2022.
=300  \\$a1 online resource.
=336  \\$atext$2rdacontent
=337  \\$acomputer$2rdamedia
=338  \\$aonline resource$2rdacarrier
=653  \\$aperspectives
=700  1\$aMoore, Jazmyn T.
=700  1\$aLuna-Pinto, Carolina.
=700  1\$aCox, Heidi.
=700  1\$aRazi, Sima.
=700  1\$aSt. Louis, Michael E.
=700  1\$aRicaldi, Jessica N.
=700  1\$aLiburd, Leandris.
=710  2\$aWorld Health Organization.
=856  4\$uhttps://policycommons.net/artifacts/2243050/promoting-health-equity-during-the-covid-19-pandemic-united-states/3001166/$yWorld Health Organization document$ahttps://policycommons.net/
=859  \\$aORR$bWorld Health Organization
=884  \\$aLDL ebooks tsv to marcxml transformation using XSLTtest.xsl$g20230321$qUk
=CAT  \\$aBATCH-IGO$b00$c20230402$lBLL01$h2226
=CAT  \\$aBATCH-UPD$b00$c20230402$lBLL01$h2227
=FIN  \\$aY$d20230402
=SRC  \\$aCoherent Digital WHO$bWHOrecords20230329.lex
=LAS  \\$aBATCH-UPD$b00$c20230402$lBLL01$h2227

