=LDR  01760nam a22004453i 4500
=001  021012858
=003  Uk
=005  20230402222601.0
=006  m\\\\||\\d\|\\\\\\
=007  cr\|||||||||||
=008  230321s2022\\\\sz\|||||o\\\\||||\||eng\\
=FMT  \\$a  BK
=040  \\$aVaAlCD$beng$cVaAlCD$dUk
=041  \\$aeng
=245  00$aHealth and nutritional status of children hospitalized during the COVID-19 pandemic, Bangladesh /$cSharika Nuzhat, S M. Tafsir Hasan, Parag Palit, Farzana Afroze, Rukaeya Amin, Md Ashraful Alam, Baharul Alam, Mohammod J. Chisti, Tahmeed Ahmed.
=264  \1$a[Switzerland] :$bWorld Health Organization,$c2022.
=300  \\$a1 online resource.
=336  \\$atext$2rdacontent
=337  \\$acomputer$2rdamedia
=338  \\$aonline resource$2rdacarrier
=653  \\$aResearch
=653  \\$aresearch
=700  1\$aNuzhat, Sharika.
=700  1\$aHasan, SM Tafsir.
=700  1\$aPalit, Parag.
=700  1\$aAfroze, Farzana.
=700  1\$aAmin, Rukaeya.
=700  1\$aAlam, Md. Ashraful.
=700  1\$aAlam, Baharul.
=700  1\$aChisti, Mohammod J.
=700  1\$aAhmed, Tahmeed.
=710  2\$aWorld Health Organization.
=856  4\$uhttps://policycommons.net/artifacts/2243048/health-and-nutritional-status-of-children-hospitalized-during-the-covid-19-pandemic-bangladesh/3001193/$yWorld Health Organization document$ahttps://policycommons.net/
=859  \\$aORR$bWorld Health Organization
=884  \\$aLDL ebooks tsv to marcxml transformation using XSLTtest.xsl$g20230321$qUk
=CAT  \\$aBATCH-IGO$b00$c20230402$lBLL01$h2226
=CAT  \\$aBATCH-UPD$b00$c20230402$lBLL01$h2227
=FIN  \\$aY$d20230402
=SRC  \\$aCoherent Digital WHO$bWHOrecords20230329.lex
=LAS  \\$aBATCH-UPD$b00$c20230402$lBLL01$h2227

