=LDR  01502nam a22003853i 4500
=001  021012863
=003  Uk
=005  20230402222601.0
=006  m\\\\||\\d\|\\\\\\
=007  cr\|||||||||||
=008  230321s2022\\\\sz\|||||o\\\\||||\||eng\\
=FMT  \\$a  BK
=040  \\$aVaAlCD$beng$cVaAlCD$dUk
=041  \\$aeng
=245  00$aWestern Pacific regional framework to end TB: 2021-2030: brief summary /$cWorld Health Organization. Regional Office for the Western Pacific.
=264  \1$a[Switzerland] :$bWorld Health Organization,$c2022.
=300  \\$a1 online resource.
=336  \\$atext$2rdacontent
=337  \\$acomputer$2rdamedia
=338  \\$aonline resource$2rdacarrier
=653  \\$aTuberculosis
=653  \\$amanila
=653  \\$aregional health planning
=653  \\$astrategic planning
=653  \\$atuberculosis
=710  2\$aWorld Health Organization.
=720  \\$aWorld Health Organization. Regional Office for the Western Pacific
=856  4\$uhttps://policycommons.net/artifacts/2270989/western-pacific-regional-framework-to-end-tb/3030802/$yWorld Health Organization document$ahttps://policycommons.net/
=859  \\$aORR$bWorld Health Organization
=884  \\$aLDL ebooks tsv to marcxml transformation using XSLTtest.xsl$g20230321$qUk
=CAT  \\$aBATCH-IGO$b00$c20230402$lBLL01$h2226
=CAT  \\$aBATCH-UPD$b00$c20230402$lBLL01$h2227
=FIN  \\$aY$d20230402
=SRC  \\$aCoherent Digital WHO$bWHOrecords20230329.lex
=LAS  \\$aBATCH-UPD$b00$c20230402$lBLL01$h2227

