=LDR  02166nam a22004213i 4500
=001  021012871
=003  Uk
=005  20230402222601.0
=006  m\\\\||\\d\|\\\\\\
=007  cr\|||||||||||
=008  230321s2022\\\\sz\|||||o\\\\||||\||eng\\
=FMT  \\$a  BK
=040  \\$aVaAlCD$beng$cVaAlCD$dUk
=041  \\$aeng
=245  00$aRisk communication and community engagement for COVID-19 vaccination: implementation tool /$cWorld Health Organization. Regional Office for Europe.
=264  \1$a[Switzerland] :$bWorld Health Organization,$c2022.
=300  \\$a1 online resource.
=336  \\$atext$2rdacontent
=337  \\$acomputer$2rdamedia
=338  \\$aonline resource$2rdacarrier
=520  3\$aThe introduction of COVID-19 vaccines happens in the context of overall pandemic response, often including staff that has not worked in immunization before. This implementation tool serves as a bridge between risk communication and community engagement (‎RCCE)‎ principles and evidence-based vaccine acceptance and uptake initiatives. Clear understanding of RCCE approaches can foster coordination and collaboration between experts in RCCE, external relations and vaccine science at every level of the response, including in preparation for adverse events following immunization (‎AEFI)‎.
=653  \\$aCOVID-19
=653  \\$aVaccines
=653  \\$acommunication
=653  \\$acopenhagen
=653  \\$acovid-19
=653  \\$adisease outbreaks
=653  \\$avaccines
=710  2\$aWorld Health Organization.
=720  \\$aWorld Health Organization. Regional Office for Europe
=856  4\$uhttps://policycommons.net/artifacts/2276719/risk-communication-and-community-engagement-for-covid-19-vaccination/3036685/$yWorld Health Organization document$ahttps://policycommons.net/
=859  \\$aORR$bWorld Health Organization
=884  \\$aLDL ebooks tsv to marcxml transformation using XSLTtest.xsl$g20230321$qUk
=CAT  \\$aBATCH-IGO$b00$c20230402$lBLL01$h2226
=CAT  \\$aBATCH-UPD$b00$c20230402$lBLL01$h2227
=FIN  \\$aY$d20230402
=SRC  \\$aCoherent Digital WHO$bWHOrecords20230329.lex
=LAS  \\$aBATCH-UPD$b00$c20230402$lBLL01$h2227

