=LDR  01605nam a22003853i 4500
=001  021012873
=003  Uk
=005  20230402222601.0
=006  m\\\\||\\d\|\\\\\\
=007  cr\|||||||||||
=008  230321s2022\\\\sz\|||||o\\\\||||\||eng\\
=FMT  \\$a  BK
=040  \\$aVaAlCD$beng$cVaAlCD$dUk
=041  \\$aeng
=245  00$aPrevalence of chronic obstructive pulmonary disease and chronic bronchitis in eight countries: a systematic review and meta-analysis /$cPrashant Jarhyan, Anastasia Hutchinson, Damien Khaw, Dorairaj Prabhakaran, Sailesh Mohan.
=264  \1$a[Switzerland] :$bWorld Health Organization,$c2022.
=300  \\$a1 online resource.
=336  \\$atext$2rdacontent
=337  \\$acomputer$2rdamedia
=338  \\$aonline resource$2rdacarrier
=653  \\$asystematic reviews
=700  1\$aJarhyan, Prashant.
=700  1\$aHutchinson, Anastasia.
=700  1\$aKhaw, Damien.
=700  1\$aPrabhakaran, Dorairaj.
=700  1\$aMohan, Sailesh.
=710  2\$aWorld Health Organization.
=856  4\$uhttps://policycommons.net/artifacts/2273571/prevalence-of-chronic-obstructive-pulmonary-disease-and-chronic-bronchitis-in-eight-countries/3033402/$yWorld Health Organization document$ahttps://policycommons.net/
=859  \\$aORR$bWorld Health Organization
=884  \\$aLDL ebooks tsv to marcxml transformation using XSLTtest.xsl$g20230321$qUk
=CAT  \\$aBATCH-IGO$b00$c20230402$lBLL01$h2226
=CAT  \\$aBATCH-UPD$b00$c20230402$lBLL01$h2227
=FIN  \\$aY$d20230402
=SRC  \\$aCoherent Digital WHO$bWHOrecords20230329.lex
=LAS  \\$aBATCH-UPD$b00$c20230402$lBLL01$h2227

