=LDR  02343nam a22004213i 4500
=001  021012875
=003  Uk
=005  20230402222601.0
=006  m\\\\||\\d\|\\\\\\
=007  cr\|||||||||||
=008  230321s2022\\\\sz\|||||o\\\\||||\||eng\\
=FMT  \\$a  BK
=040  \\$aVaAlCD$beng$cVaAlCD$dUk
=041  \\$aeng
=245  00$aSeventeenth Annual Meeting of HEPA Europe: European network for the promotion of health-enhancing physical activity. Meeting Report: virtual meeting, 3 September 2021 /$cWorld Health Organization. Regional Office for Europe.
=264  \1$a[Switzerland] :$bWorld Health Organization,$c2022.
=300  \\$a1 online resource.
=336  \\$atext$2rdacontent
=337  \\$acomputer$2rdamedia
=338  \\$aonline resource$2rdacarrier
=520  3\$aThe 17th annual meeting of HEPA Europe, the European network for the promotion of Health-Enhancing Physical Activity (‎HEPA)‎, took place virtually in 2021 given the continued unprecedented times caused by the pandemic. The virtual meeting was attended by 33 participants from a variety of WHO European Region countries, as well as representatives from the World Health Organization, Regional Office for Europe. 11 new membership applications were confirmed. Progress made in HEPA Europe's working groups were presented along with the newly implemented Early Career Section. Also, the Elections of the Steering Committee and the postponed 2020 conference rescheduled for 2022 in Nice were discussed.
=653  \\$aExercise
=653  \\$acongresses as topic
=653  \\$acopenhagen
=653  \\$aexercise
=653  \\$ahealth planning
=653  \\$ahealth promotion
=653  \\$aphysical fitness
=710  2\$aWorld Health Organization.
=720  \\$aWorld Health Organization. Regional Office for Europe
=856  4\$uhttps://policycommons.net/artifacts/2258466/seventeenth-annual-meeting-of-hepa-europe/3017150/$yWorld Health Organization document$ahttps://policycommons.net/
=859  \\$aORR$bWorld Health Organization
=884  \\$aLDL ebooks tsv to marcxml transformation using XSLTtest.xsl$g20230321$qUk
=CAT  \\$aBATCH-IGO$b00$c20230402$lBLL01$h2226
=CAT  \\$aBATCH-UPD$b00$c20230402$lBLL01$h2227
=FIN  \\$aY$d20230402
=SRC  \\$aCoherent Digital WHO$bWHOrecords20230329.lex
=LAS  \\$aBATCH-UPD$b00$c20230402$lBLL01$h2227

