=LDR  03700nam a22004213i 4500
=001  021012877
=003  Uk
=005  20230402222601.0
=006  m\\\\||\\d\|\\\\\\
=007  cr\|||||||||||
=008  230321s2022\\\\sz\|||||o\\\\||||\||eng\\
=FMT  \\$a  BK
=040  \\$aVaAlCD$beng$cVaAlCD$dUk
=041  \\$aeng
=245  00$aEffective regulatory frameworks for ending inappropriate marketing of breast-milk substitutes and foods for infants and young children in the WHO European Region /$cWorld Health Organization. Regional Office for Europe.
=264  \1$a[Switzerland] :$bWorld Health Organization,$c2022.
=300  \\$a1 online resource.
=336  \\$atext$2rdacontent
=337  \\$acomputer$2rdamedia
=338  \\$aonline resource$2rdacarrier
=520  3\$aThis Policy Brief is intended to guide Member States in the WHO European Region as they embark on the vital task of safeguarding parents and caregivers from all forms of promotion of breastmilk substitutes (‎BMS)‎ and the inappropriate promotion of foods for infants and young children (‎FIYC)‎. Such promotion undermines optimal infant and young child feeding practices, including breastfeeding and safe and appropriate complementary feeding, placing a child's survival, growth and development at risk. It can also contribute to the growing public health problem of childhood overweight and obesity, which can lead not only to premature mortality from non-communicable diseases (‎NCDs)‎, but also to adverse health outcomes throughout life. In Eastern Europe and Central Asia, the number of children under five with overweight has increased from 1.6 million in 2000 to 4.5 million in 2016. United Nations human rights experts have reminded States of their obligations under human rights treaties to 'take all necessary measures to protect, promote, and support breastfeeding, and end the inappropriate promotion of breast-milk substitutes and other foods intended for infants and young children up to the age of 3 years'.The International Code of Marketing of Breastmilk Substitutes and subsequent Resolutions by the World Health Assembly, along with the 2016 WHO Guidance on ending the inappropriate promotion of foods for infants and young children provide the regulatory framework to put an end to unethical marketing practices. This policy brief provides step-by-step guidance on how to review the current level of national implementation of these instruments and then proceed to strengthen measures and establish effective systems for implementation and enforcement. This includes the use of a 'model law' developed specifically for the Region to demonstrate what effective regulations should look like.
=653  \\$aChild Health
=653  \\$abreast feeding
=653  \\$achild health
=653  \\$acopenhagen
=653  \\$ainfant health
=653  \\$ainternational classification of diseases
=653  \\$anutritive value
=710  2\$aWorld Health Organization.
=720  \\$aWorld Health Organization. Regional Office for Europe
=856  4\$uhttps://policycommons.net/artifacts/2250887/effective-regulatory-frameworks-for-ending-inappropriate-marketing-of-breast-milk-substitutes-and-foods-for-infants-and-young-children-in-the-who-european-region/3009583/$yWorld Health Organization document$ahttps://policycommons.net/
=859  \\$aORR$bWorld Health Organization
=884  \\$aLDL ebooks tsv to marcxml transformation using XSLTtest.xsl$g20230321$qUk
=CAT  \\$aBATCH-IGO$b00$c20230402$lBLL01$h2226
=CAT  \\$aBATCH-UPD$b00$c20230402$lBLL01$h2227
=FIN  \\$aY$d20230402
=SRC  \\$aCoherent Digital WHO$bWHOrecords20230329.lex
=LAS  \\$aBATCH-UPD$b00$c20230402$lBLL01$h2227

