=LDR  02205nam a22004213i 4500
=001  021012878
=003  Uk
=005  20230402222601.0
=006  m\\\\||\\d\|\\\\\\
=007  cr\|||||||||||
=008  230321s2022\\\\sz\|||||o\\\\||||\||eng\\
=FMT  \\$a  BK
=040  \\$aVaAlCD$beng$cVaAlCD$dUk
=041  \\$aeng
=245  00$aInequalities in access to at least basic sanitation services [‎February 2022]‎: Environmental health inequalities: fact sheet series /$cWorld Health Organization. Regional Office for Europe.
=264  \1$a[Switzerland] :$bWorld Health Organization,$c2022.
=300  \\$a1 online resource.
=336  \\$atext$2rdacontent
=337  \\$acomputer$2rdamedia
=338  \\$aonline resource$2rdacarrier
=520  3\$aThis fact sheet series documents the magnitude of environmental health inequalities within countries in the WHO European Region. Environmental health inequalities relate to socioeconomic, sociodemographic or spatial differences in exposure to environmental health risk factors and to differences in health status caused by environmental conditions. The access to at least basic sanitation services fact sheet provides available data on the unequal distribution of access to safe and clean sanitation services within the countries in the Region, updating earlier assessments.
=653  \\$aEnvironmental Health
=653  \\$aSanitation
=653  \\$aWater
=653  \\$acopenhagen
=653  \\$aenvironmental health
=653  \\$asanitation
=653  \\$awater
=710  2\$aWorld Health Organization.
=720  \\$aWorld Health Organization. Regional Office for Europe
=856  4\$uhttps://policycommons.net/artifacts/2246236/inequalities-in-access-to-at-least-basic-sanitation-services-february-2022/3004935/$yWorld Health Organization document$ahttps://policycommons.net/
=859  \\$aORR$bWorld Health Organization
=884  \\$aLDL ebooks tsv to marcxml transformation using XSLTtest.xsl$g20230321$qUk
=CAT  \\$aBATCH-IGO$b00$c20230402$lBLL01$h2226
=CAT  \\$aBATCH-UPD$b00$c20230402$lBLL01$h2227
=FIN  \\$aY$d20230402
=SRC  \\$aCoherent Digital WHO$bWHOrecords20230329.lex
=LAS  \\$aBATCH-UPD$b00$c20230402$lBLL01$h2227

