=LDR  01734nam a22004333i 4500
=001  021012879
=003  Uk
=005  20230402222601.0
=006  m\\\\||\\d\|\\\\\\
=007  cr\|||||||||||
=008  230321s2022\\\\sz\|||||o\\\\||||\||eng\\
=FMT  \\$a  BK
=040  \\$aVaAlCD$beng$cVaAlCD$dUk
=041  \\$aeng
=245  00$aPrimary health care measurement framework and indicators: monitoring health systems through a primary health care lens. Web annex: technical specifications /$cWorld Health Organization, United Nations Children's Fund.
=264  \1$a[Switzerland] :$bWorld Health Organization,$c2022.
=300  \\$a1 online resource.
=336  \\$atext$2rdacontent
=337  \\$acomputer$2rdamedia
=338  \\$aonline resource$2rdacarrier
=653  \\$aHealth Services
=653  \\$aPrimary Health Care
=653  \\$ageneva
=653  \\$ahealth equity
=653  \\$ahealth services
=653  \\$aprimary health care
=653  \\$aquality indicators, health care
=653  \\$auniversal health insurance
=710  2\$aWorld Health Organization.
=720  \\$aWorld Health Organization
=720  \\$aUnited Nations Children's Fund (‎UNICEF)‎
=856  4\$uhttps://policycommons.net/artifacts/2265581/primary-health-care-measurement-framework-and-indicators/3025252/$yWorld Health Organization document$ahttps://policycommons.net/
=859  \\$aORR$bWorld Health Organization
=884  \\$aLDL ebooks tsv to marcxml transformation using XSLTtest.xsl$g20230321$qUk
=CAT  \\$aBATCH-IGO$b00$c20230402$lBLL01$h2226
=CAT  \\$aBATCH-UPD$b00$c20230402$lBLL01$h2227
=FIN  \\$aY$d20230402
=SRC  \\$aCoherent Digital WHO$bWHOrecords20230329.lex
=LAS  \\$aBATCH-UPD$b00$c20230402$lBLL01$h2227

