=LDR  01665nam a22003613i 4500
=001  021012884
=003  Uk
=005  20230402222601.0
=006  m\\\\||\\d\|\\\\\\
=007  cr\|||||||||||
=008  230321s2022\\\\sz\|||||o\\\\||||\||eng\\
=FMT  \\$a  BK
=040  \\$aVaAlCD$beng$cVaAlCD$dUk
=041  \\$aeng
=245  00$aAnnual consultative meeting with the representatives of the South-East Asia (‎SEA)‎ Regional informal laboratory network for preparedness and response to public health emergencies /$cWorld Health Organization. Regional Office for South-East Asia.
=264  \1$a[Switzerland] :$bWorld Health Organization,$c2022.
=300  \\$a1 online resource.
=336  \\$atext$2rdacontent
=337  \\$acomputer$2rdamedia
=338  \\$aonline resource$2rdacarrier
=653  \\$aLaboratories
=653  \\$alaboratories
=653  \\$anew delhi
=710  2\$aWorld Health Organization.
=720  \\$aWorld Health Organization. Regional Office for South-East Asia
=856  4\$uhttps://policycommons.net/artifacts/2268384/annual-consultative-meeting-with-the-representatives-of-the-south-east-asia-sea-regional-informal-laboratory-network-for-preparedness-and-response-to-public-health-emergencies/3028137/$yWorld Health Organization document$ahttps://policycommons.net/
=859  \\$aORR$bWorld Health Organization
=884  \\$aLDL ebooks tsv to marcxml transformation using XSLTtest.xsl$g20230321$qUk
=CAT  \\$aBATCH-IGO$b00$c20230402$lBLL01$h2226
=CAT  \\$aBATCH-UPD$b00$c20230402$lBLL01$h2227
=FIN  \\$aY$d20230402
=SRC  \\$aCoherent Digital WHO$bWHOrecords20230329.lex
=LAS  \\$aBATCH-UPD$b00$c20230402$lBLL01$h2227

