=LDR  02061nam a22004213i 4500
=001  021012886
=003  Uk
=005  20230402222601.0
=006  m\\\\||\\d\|\\\\\\
=007  cr\|||||||||||
=008  230321s2022\\\\sz\|||||o\\\\||||\||eng\\
=FMT  \\$a  BK
=040  \\$aVaAlCD$beng$cVaAlCD$dUk
=041  \\$aeng
=245  00$aHealth in prisons - COVID-19. Minimum dataset: summary of data reported from May 2020 to October 2021 /$cWorld Health Organization. Regional Office for Europe.
=264  \1$a[Switzerland] :$bWorld Health Organization,$c2022.
=300  \\$a1 online resource.
=336  \\$atext$2rdacontent
=337  \\$acomputer$2rdamedia
=338  \\$aonline resource$2rdacarrier
=520  3\$aThis report presents data obtained from voluntary submissions of Member States to the WHO Minimum Dataset Reporting System for places of detention. This report is the first of a series to be published monthly updating epidemiological information on COVID-19 in prisons. It contains longitudinal data on occupancy rate, standardized cumulative cases in prison, vaccination coverage, testing and isolation practices. Disaggregation of data by sex and age group is also presented whenever available.
=653  \\$aCOVID-19
=653  \\$aPrisons
=653  \\$abetacoronavirus
=653  \\$acopenhagen
=653  \\$acovid-19
=653  \\$aprisons
=653  \\$apublic health surveillance
=710  2\$aWorld Health Organization.
=720  \\$aWorld Health Organization. Regional Office for Europe
=856  4\$uhttps://policycommons.net/artifacts/2228154/health-in-prisons-covid-19-minimum-dataset/2985585/$yWorld Health Organization document$ahttps://policycommons.net/
=859  \\$aORR$bWorld Health Organization
=884  \\$aLDL ebooks tsv to marcxml transformation using XSLTtest.xsl$g20230321$qUk
=CAT  \\$aBATCH-IGO$b00$c20230402$lBLL01$h2226
=CAT  \\$aBATCH-UPD$b00$c20230402$lBLL01$h2227
=FIN  \\$aY$d20230402
=SRC  \\$aCoherent Digital WHO$bWHOrecords20230329.lex
=LAS  \\$aBATCH-UPD$b00$c20230402$lBLL01$h2227

