=LDR  03245nam a22004213i 4500
=001  021012887
=003  Uk
=005  20230402222601.0
=006  m\\\\||\\d\|\\\\\\
=007  cr\|||||||||||
=008  230321s2022\\\\sz\|||||o\\\\||||\||eng\\
=FMT  \\$a  BK
=040  \\$aVaAlCD$beng$cVaAlCD$dUk
=041  \\$aeng
=245  00$aAntimicrobial resistance surveillance in Europe 2022 - 2020 data /$cEuropean Centre for Disease Prevention and Control, World Health Organization. Regional Office for Europe.
=264  \1$a[Switzerland] :$bWorld Health Organization,$c2022.
=300  \\$a1 online resource.
=336  \\$atext$2rdacontent
=337  \\$acomputer$2rdamedia
=338  \\$aonline resource$2rdacarrier
=520  3\$aAntimicrobial resistance (‎AMR)‎ remains a major public health concern in the WHO European Region, with estimates from the European Union/European Economic Area (‎EU/EEA)‎ alone showing that each year more than 670 000 infections are due to bacteria resistant to antibiotics and approximately 33 000 people die as a direct consequence. This report is the first in a series published jointly by the European Centre for Disease Prevention and Control (‎ECDC)‎ and the WHO Regional Office for Europe that includes AMR data from invasive isolates in Europe. The report shows that AMR is widespread in the WHO European Region, although the AMR situation varied widely depending on the bacterial species, antimicrobial group and geographical region. A north-to-south and west-to-east gradient was generally observed, with higher AMR percentages in the southern and eastern parts of Europe. Overall in the EU/EEA, AMR percentages for the bacterial species-antimicrobial group combinations under surveillance continue to be high, with carbapenem resistance in Escherichia coli and Klebsiella pneumoniae (‎K. pneumoniae)‎ and vancomycin resistance in Enterococcus faecium showing a significant increase during 2016-2020. High percentages of resistance to third-generation cephalosporins and carbapenems in K. pneumoniae and high percentages of carbapenem-resistant Acinetobacter species and Pseudomonas aeruginosa in several countries in the European Region are of concern. Effectively tackling AMR in the WHO European Region requires greater efforts and investments.
=653  \\$aanti-infective agents
=653  \\$acopenhagen
=653  \\$adata collection
=653  \\$adrug resistance, bacterial
=653  \\$ainfection control
=653  \\$apopulation surveillance
=710  2\$aWorld Health Organization.
=720  \\$aEuropean Centre for Disease Prevention and Control
=720  \\$aWorld Health Organization. Regional Office for Europe
=856  4\$uhttps://policycommons.net/artifacts/2215418/antimicrobial-resistance-surveillance-in-europe-2022/2972362/$yWorld Health Organization document$ahttps://policycommons.net/
=859  \\$aORR$bWorld Health Organization
=884  \\$aLDL ebooks tsv to marcxml transformation using XSLTtest.xsl$g20230321$qUk
=CAT  \\$aBATCH-IGO$b00$c20230402$lBLL01$h2226
=CAT  \\$aBATCH-UPD$b00$c20230402$lBLL01$h2227
=FIN  \\$aY$d20230402
=SRC  \\$aCoherent Digital WHO$bWHOrecords20230329.lex
=LAS  \\$aBATCH-UPD$b00$c20230402$lBLL01$h2227

