=LDR  01744nam a22004693i 4500
=001  021012888
=003  Uk
=005  20230402222601.0
=006  m\\\\||\\d\|\\\\\\
=007  cr\|||||||||||
=008  230321s2022\\\\sz\|||||o\\\\||||\||eng\\
=FMT  \\$a  BK
=040  \\$aVaAlCD$beng$cVaAlCD$dUk
=041  \\$aeng
=245  00$aReducing the harm from alcohol by regulating cross-border alcohol marketing, advertising and promotion: summary /$cWorld Health Organization.
=264  \1$a[Switzerland] :$bWorld Health Organization,$c2022.
=300  \\$a1 online resource.
=336  \\$atext$2rdacontent
=337  \\$acomputer$2rdamedia
=338  \\$aonline resource$2rdacarrier
=653  \\$aAdvertising
=653  \\$aAlcoholism
=653  \\$aadvertising
=653  \\$aalcohol drinking
=653  \\$aalcoholism
=653  \\$aalcohol-related disorders
=653  \\$ageneva
=653  \\$ahealth priorities
=653  \\$aprevention and control
=653  \\$apublic policy
=653  \\$asocial control, formal
=653  \\$asocial marketing
=710  2\$aWorld Health Organization.
=720  \\$aWorld Health Organization
=856  4\$uhttps://policycommons.net/artifacts/2182243/reducing-the-harm-from-alcohol-by-regulating-cross-border-alcohol-marketing-advertising-and-promotion/2938220/$yWorld Health Organization document$ahttps://policycommons.net/
=859  \\$aORR$bWorld Health Organization
=884  \\$aLDL ebooks tsv to marcxml transformation using XSLTtest.xsl$g20230321$qUk
=CAT  \\$aBATCH-IGO$b00$c20230402$lBLL01$h2226
=CAT  \\$aBATCH-UPD$b00$c20230402$lBLL01$h2227
=FIN  \\$aY$d20230402
=SRC  \\$aCoherent Digital WHO$bWHOrecords20230329.lex
=LAS  \\$aBATCH-UPD$b00$c20230402$lBLL01$h2227

