=LDR  02228nam a22005413i 4500
=001  021012891
=003  Uk
=005  20230402222601.0
=006  m\\\\||\\d\|\\\\\\
=007  cr\|||||||||||
=008  230321s2022\\\\sz\|||||o\\\\||||\||eng\\
=FMT  \\$a  BK
=040  \\$aVaAlCD$beng$cVaAlCD$dUk
=041  \\$aeng
=245  00$aInterrupted time-series analysis of active case-finding for tuberculosis during the COVID-19 pandemic, Zambia /$cPatrick S. Lungu, Andrew D. Kerkhoff, Monde Muyoyeta, Clara C. Kasapo, Sarah Nyangu, Mary Kagujje, Rhehab Chimzizi, Sulani Nyimbili, Morton Khunga, Nancy Kasese-Chanda, Victoria Musonda, Bushimbwa Tambatamba, Christopher M. Kombe, Charles Sakulanda, Kizito Sampa, Andrew Silumesii, Kennedy Malama.
=264  \1$a[Switzerland] :$bWorld Health Organization,$c2022.
=300  \\$a1 online resource.
=336  \\$atext$2rdacontent
=337  \\$acomputer$2rdamedia
=338  \\$aonline resource$2rdacarrier
=653  \\$aResearch
=653  \\$aresearch
=700  1\$aLungu, Patrick S.
=700  1\$aKerkhoff, Andrew D.
=700  1\$aMuyoyeta, Monde.
=700  1\$aKasapo, Clara C.
=700  1\$aNyangu, Sarah.
=700  1\$aKagujje, Mary.
=700  1\$aChimzizi, Rhehab.
=700  1\$aNyimbili, Sulani.
=700  1\$aKhunga, Morton.
=700  1\$aKasese-Chanda, Nancy.
=700  1\$aMusonda, Victoria.
=700  1\$aTambatamba, Bushimbwa.
=700  1\$aKombe, Christopher M.
=700  1\$aSakulanda, Charles.
=700  1\$aSampa, Kizito.
=700  1\$aSilumesii, Andrew.
=700  1\$aMalama, Kennedy.
=710  2\$aWorld Health Organization.
=856  4\$uhttps://policycommons.net/artifacts/2273605/interrupted-time-series-analysis-of-active-case-finding-for-tuberculosis-during-the-covid-19-pandemic-zambia/3033432/$yWorld Health Organization document$ahttps://policycommons.net/
=859  \\$aORR$bWorld Health Organization
=884  \\$aLDL ebooks tsv to marcxml transformation using XSLTtest.xsl$g20230321$qUk
=CAT  \\$aBATCH-IGO$b00$c20230402$lBLL01$h2226
=CAT  \\$aBATCH-UPD$b00$c20230402$lBLL01$h2227
=FIN  \\$aY$d20230402
=SRC  \\$aCoherent Digital WHO$bWHOrecords20230329.lex
=LAS  \\$aBATCH-UPD$b00$c20230402$lBLL01$h2227

