=LDR  02897nam a22003493i 4500
=001  021012893
=003  Uk
=005  20230402222601.0
=006  m\\\\||\\d\|\\\\\\
=007  cr\|||||||||||
=008  230321s2022\\\\sz\|||||o\\\\||||\||eng\\
=FMT  \\$a  BK
=040  \\$aVaAlCD$beng$cVaAlCD$dUk
=041  \\$aeng
=245  00$aVaccine equity: there is no time to waste /$cAkhil Bansal.
=264  \1$a[Switzerland] :$bWorld Health Organization,$c2022.
=300  \\$a1 online resource.
=336  \\$atext$2rdacontent
=337  \\$acomputer$2rdamedia
=338  \\$aonline resource$2rdacarrier
=520  3\$aEEditiotriaolsrials Vaccine equity: there is no time to waste Akhil Bansala Inequitable distribution and access to to temporarily waive intellectual prop- southern Africa have been transparent vaccines for the coronavirus disease erty protection on COVID-19 vaccines. [...] The waiver to their intellectual property for the CO- and political disruption.1 Over 7.8 bil- would allow factories around the world VID-19 vaccines and other technologies. [...] Doing so Pandemics, a grassroots non-profit or- were given in lower-middle-income or is essential in facilitating global access to ganization that advocates vaccine equity, low-income countries2 although these the COVID-19 vaccines and treatment, is encouraging people in the United countries are carrying a disproportion- particularly for those living in the lowest Kingdom to write to their members [...] Perhaps the work of greater for low-income countries than tries.8 The initiative has also received international organizations, organized for high-income countries.3 support from international organiza- advocacy from respected professional The omicron variant of the severe tions such as WHO, Médecins Sans bodies or grassroots campaigning from acute respiratory syndrome coronavirus Frontières, Amne [...] However, the proposal does mately, we all must campaign for vaccine partly due to inequitable distribution, not have the support of the pharmaceu- equity and the TRIPS waiver, because has likely fuelled the emergence of this tical industry, nor that of many high- until the entire world has equal access variant, since it is well established that income countries, including Australia, to vaccines, t.
=653  \\$aeditorials
=700  1\$aBansal, Akhil.
=710  2\$aWorld Health Organization.
=856  4\$uhttps://policycommons.net/artifacts/2195415/vaccine-equity/2951624/$yWorld Health Organization document$ahttps://policycommons.net/
=859  \\$aORR$bWorld Health Organization
=884  \\$aLDL ebooks tsv to marcxml transformation using XSLTtest.xsl$g20230321$qUk
=CAT  \\$aBATCH-IGO$b00$c20230402$lBLL01$h2226
=CAT  \\$aBATCH-UPD$b00$c20230402$lBLL01$h2227
=FIN  \\$aY$d20230402
=SRC  \\$aCoherent Digital WHO$bWHOrecords20230329.lex
=LAS  \\$aBATCH-UPD$b00$c20230402$lBLL01$h2227

