=LDR  02388nam a22004333i 4500
=001  021012895
=003  Uk
=005  20230402222601.0
=006  m\\\\||\\d\|\\\\\\
=007  cr\|||||||||||
=008  230321s2022\\\\sz\|||||o\\\\||||\||eng\\
=FMT  \\$a  BK
=040  \\$aVaAlCD$beng$cVaAlCD$dUk
=041  \\$aeng
=245  00$aRegions for Health Network technical review 2021 /$cWorld Health Organization. Regional Office for Europe.
=264  \1$a[Switzerland] :$bWorld Health Organization,$c2022.
=300  \\$a1 online resource.
=336  \\$atext$2rdacontent
=337  \\$acomputer$2rdamedia
=338  \\$aonline resource$2rdacarrier
=520  3\$aThe creation of the WHO Regions for Health Network (‎RHN)‎ in 1992 was a milestone development. Since then, the Network has achieved much in support of regional and local health-policy development, building on the WHO Health-in-All Policies approach. To evaluate the development of the Network, and ascertain the continuing commitment of its members and their priorities for the future, WHO conducted a series of interviews with the RHN focal points between August and October 2021. This process revealed the need for and opportunities to refocus the activities of the Network on making real progress in improving health and well-being and reducing inequities, based on lessons learned. It also underlined the need to update the RHN terms of reference (‎2015)‎ with a more forward-looking vision.
=653  \\$aEnvironmental Health
=653  \\$aPublic Health
=653  \\$acopenhagen
=653  \\$aenvironmental health
=653  \\$ahealth equity
=653  \\$ahealthy lifestyle
=653  \\$apublic health
=653  \\$aregional health planning
=710  2\$aWorld Health Organization.
=720  \\$aWorld Health Organization. Regional Office for Europe
=856  4\$uhttps://policycommons.net/artifacts/2215417/regions-for-health-network-technical-review-2021/2972361/$yWorld Health Organization document$ahttps://policycommons.net/
=859  \\$aORR$bWorld Health Organization
=884  \\$aLDL ebooks tsv to marcxml transformation using XSLTtest.xsl$g20230321$qUk
=CAT  \\$aBATCH-IGO$b00$c20230402$lBLL01$h2226
=CAT  \\$aBATCH-UPD$b00$c20230402$lBLL01$h2227
=FIN  \\$aY$d20230402
=SRC  \\$aCoherent Digital WHO$bWHOrecords20230329.lex
=LAS  \\$aBATCH-UPD$b00$c20230402$lBLL01$h2227

