=LDR  02296nam a22004693i 4500
=001  021012896
=003  Uk
=005  20230402222601.0
=006  m\\\\||\\d\|\\\\\\
=007  cr\|||||||||||
=008  230321s2022\\\\sz\|||||o\\\\||||\||eng\\
=FMT  \\$a  BK
=040  \\$aVaAlCD$beng$cVaAlCD$dUk
=041  \\$aeng
=245  00$aOperational considerations for planning and implementing catch-up vaccination in the WHO European Region /$cWorld Health Organization. Regional Office for Europe.
=264  \1$a[Switzerland] :$bWorld Health Organization,$c2022.
=300  \\$a1 online resource.
=336  \\$atext$2rdacontent
=337  \\$acomputer$2rdamedia
=338  \\$aonline resource$2rdacarrier
=520  3\$aThe purpose of this operational considerations document is to: • assist national immunization programmes in establishing and refining a catch-up vaccination strategy, as an essential component of a well-functioning immunization programme, to ensure individuals who have missed their routine vaccine doses can receive their overdue doses at the earliest possible opportunity.
=520  3\$a• provide practical guidance in operationalizing the global guidance for planning and implementing catch-up vaccination using a structured algorithm.
=653  \\$aImmunization
=653  \\$aPublic Health
=653  \\$aVaccination
=653  \\$acopenhagen
=653  \\$aimmunization
=653  \\$aimmunization programs
=653  \\$aimmunization schedule
=653  \\$apublic health
=653  \\$avaccination
=653  \\$avaccine-preventable diseases
=710  2\$aWorld Health Organization.
=720  \\$aWorld Health Organization. Regional Office for Europe
=856  4\$uhttps://policycommons.net/artifacts/2217533/operational-considerations-for-planning-and-implementing-catch-up-vaccination-in-the-who-european-region/2974476/$yWorld Health Organization document$ahttps://policycommons.net/
=859  \\$aORR$bWorld Health Organization
=884  \\$aLDL ebooks tsv to marcxml transformation using XSLTtest.xsl$g20230321$qUk
=CAT  \\$aBATCH-IGO$b00$c20230402$lBLL01$h2226
=CAT  \\$aBATCH-UPD$b00$c20230402$lBLL01$h2227
=FIN  \\$aY$d20230402
=SRC  \\$aCoherent Digital WHO$bWHOrecords20230329.lex
=LAS  \\$aBATCH-UPD$b00$c20230402$lBLL01$h2227

