=LDR  02313nam a22003973i 4500
=001  021012899
=003  Uk
=005  20230402222601.0
=006  m\\\\||\\d\|\\\\\\
=007  cr\|||||||||||
=008  230321s2022\\\\sz\|||||o\\\\||||\||eng\\
=FMT  \\$a  BK
=040  \\$aVaAlCD$beng$cVaAlCD$dUk
=041  \\$aeng
=245  02$aA short guide to cancer screening: increase effectiveness, maximize benefits and minimize harm /$cWorld Health Organization. Regional Office for Europe.
=264  \1$a[Switzerland] :$bWorld Health Organization,$c2022.
=300  \\$a1 online resource.
=336  \\$atext$2rdacontent
=337  \\$acomputer$2rdamedia
=338  \\$aonline resource$2rdacarrier
=520  3\$aThe purpose of cancer screening tests is to detect pre-cancer or early-stage cancer in asymptomaticindividuals so that timely diagnosis and early treatment can be offered, where this treatment can leadto better outcomes for some people. The aim of a cancer screening programme is either to reducemortality and morbidity in a population by early detection and early treatment of a cancer (‎forexample, breast screening)‎ or to reduce the incidence of a cancer by identifying and treating itsprecursors (‎such as cervical and colorectal screening)‎. This short guide is designed to be a quickreference that contains the important ideas about cancer screening. Readers should refer to otherpublications for comprehensive discussion and detailed guidance on cancer screening programmes.
=653  \\$aasymptomatic diseases
=653  \\$acopenhagen
=653  \\$aearly detection of cancer
=653  \\$amortality
=653  \\$anoncommunicable diseases
=710  2\$aWorld Health Organization.
=720  \\$aWorld Health Organization. Regional Office for Europe
=856  4\$uhttps://policycommons.net/artifacts/2235015/a-short-guide-to-cancer-screening/2992955/$yWorld Health Organization document$ahttps://policycommons.net/
=859  \\$aORR$bWorld Health Organization
=884  \\$aLDL ebooks tsv to marcxml transformation using XSLTtest.xsl$g20230321$qUk
=CAT  \\$aBATCH-IGO$b00$c20230402$lBLL01$h2226
=CAT  \\$aBATCH-UPD$b00$c20230402$lBLL01$h2227
=FIN  \\$aY$d20230402
=SRC  \\$aCoherent Digital WHO$bWHOrecords20230329.lex
=LAS  \\$aBATCH-UPD$b00$c20230402$lBLL01$h2227

