=LDR  02016nam a22003613i 4500
=001  021012901
=003  Uk
=005  20230402222601.0
=006  m\\\\||\\d\|\\\\\\
=007  cr\|||||||||||
=008  230321s2022\\\\sz\|||||o\\\\||||\||eng\\
=FMT  \\$a  BK
=040  \\$aVaAlCD$beng$cVaAlCD$dUk
=041  \\$aeng
=245  00$aDevelopment of the WHO Eastern Mediterranean Region's travel measures platform during the COVID-19 pandemic: a novel regional approach and interface in implementing the International Health Regulations (‎2005)‎ and exchanging information in real time - Développement de la plateforme de la Région de la Méditerranée orientale de l'OMS dédiée aux mesures relatives aux voyages pendant la pandémie de COVID-19: une approche et une interface régionales inédites pour la mise en oeuvre du Règlement sanitaire international (‎2005)‎ et l'échange d'informations en temps réel /$cWorld Health Organization = Organisation mondiale de la Santé.
=264  \1$a[Switzerland] :$bWorld Health Organization,$c2022.
=300  \\$a1 online resource.
=336  \\$atext$2rdacontent
=337  \\$acomputer$2rdamedia
=338  \\$aonline resource$2rdacarrier
=653  \\$aCOVID-19
=653  \\$acovid-19
=653  \\$ageneva = genève
=710  2\$aWorld Health Organization.
=720  \\$aWorld Health Organization = Organisation mondiale de la Santé
=856  4\$uhttps://policycommons.net/artifacts/2233418/development-of-the-who-eastern-mediterranean-regions-travel-measures-platform-during-the-covid-19-pandemic/2991349/$yWorld Health Organization document$ahttps://policycommons.net/
=859  \\$aORR$bWorld Health Organization
=884  \\$aLDL ebooks tsv to marcxml transformation using XSLTtest.xsl$g20230321$qUk
=CAT  \\$aBATCH-IGO$b00$c20230402$lBLL01$h2226
=CAT  \\$aBATCH-UPD$b00$c20230402$lBLL01$h2227
=FIN  \\$aY$d20230402
=SRC  \\$aCoherent Digital WHO$bWHOrecords20230329.lex
=LAS  \\$aBATCH-UPD$b00$c20230402$lBLL01$h2227

