=LDR  02772nam a22003373i 4500
=001  021012902
=003  Uk
=005  20230402222601.0
=006  m\\\\||\\d\|\\\\\\
=007  cr\|||||||||||
=008  230321s2022\\\\sz\|||||o\\\\||||\||eng\\
=FMT  \\$a  BK
=040  \\$aVaAlCD$beng$cVaAlCD$dUk
=041  \\$aeng
=245  00$aRose Gana Fomban Leke: rethinking malaria.
=264  \1$a[Switzerland] :$bWorld Health Organization,$c2022.
=300  \\$a1 online resource.
=336  \\$atext$2rdacontent
=337  \\$acomputer$2rdamedia
=338  \\$aonline resource$2rdacarrier
=520  3\$aShe is mother giving me a kind of steam treat- ment with herbs that she would put Executive Director of the Cameroon Coalition Against into a boiling pot of water and then put Malaria, past president of the Federation of African a blanket over me to get me to sweat Immunological Societies and member of numerous which actually makes sense in terms Rose Gana Fomban Leke national and international co [...] I think those experiences earned a bachelor's in Biology from Saint Mary of the Woods College Indiana, in probably helped put me on the path of the United States of America (USA, 1969), a master's in Zoology at the University science and eventually studying for my of Illinois at Urbana-Champaign, USA (1971) and a doctorate in parasitology at master's at the University of Illinois at the University [...] Urbana-Champaign in the 1970s under Dr Paul Silverman, who was one of the pioneers in the development of a malaria vaccine. [...] A lot of women get discouraged, for a scholarship through the African but I am proof that it can be done! I have [Malaria data] Scholarship Program of American four children and yet have managed h'as to be valued for Universities (ASPAU) and of the 18 who to pursue a career which has included what it is - actionable passed, was the only woman. [...] My hope packages, as well as encouraging and areas, but I still believe we can achieve a is that the recommendations that came supporting community participation, great deal on the continent by engaging out of the Rethinking Malaria initia- notably in regard to monitoring and with the communities.
=653  \\$anews
=710  2\$aWorld Health Organization.
=856  4\$uhttps://policycommons.net/artifacts/2195436/rose-gana-fomban-leke/2951791/$yWorld Health Organization document$ahttps://policycommons.net/
=859  \\$aORR$bWorld Health Organization
=884  \\$aLDL ebooks tsv to marcxml transformation using XSLTtest.xsl$g20230321$qUk
=CAT  \\$aBATCH-IGO$b00$c20230402$lBLL01$h2226
=CAT  \\$aBATCH-UPD$b00$c20230402$lBLL01$h2227
=FIN  \\$aY$d20230402
=SRC  \\$aCoherent Digital WHO$bWHOrecords20230329.lex
=LAS  \\$aBATCH-UPD$b00$c20230402$lBLL01$h2227

