=LDR  03684nam a22005293i 4500
=001  021012903
=003  Uk
=005  20230402222601.0
=006  m\\\\||\\d\|\\\\\\
=007  cr\|||||||||||
=008  230321s2022\\\\sz\|||||o\\\\||||\||eng\\
=FMT  \\$a  BK
=040  \\$aVaAlCD$beng$cVaAlCD$dUk
=041  \\$aeng
=245  00$aCOVID-19 and the use of digital health tools: opportunity amid crisis that could transform health care delivery /$cGemma A. Williams, Nick Fahy, Dalhia Aissat, Marie-Camille Lenormand, Louisa Stüwe, Isabelle Zablit-Schmidt, Samuel Delafuys, Yann-Maël Le Douarin, Natasha Azzopardi Muscat, European Observatory on Health Systems and Policies.
=264  \1$a[Switzerland] :$bWorld Health Organization,$c2022.
=300  \\$a1 online resource.
=336  \\$atext$2rdacontent
=337  \\$acomputer$2rdamedia
=338  \\$aonline resource$2rdacarrier
=520  3\$aThe HDH also has QUALITY TECHNICAL the role of federating the French health • Guidelines on use of digital health • Standards for digital health tools data ecosystem and has been extremely • Skills and training. [...] The aim is to share data and expertise interesting Digital health tools have been used to between countries through a health respond to COVID-19 in four principal information portal on population health potential areas: communication and information.
=520  3\$ain close interaction with key stakeholders monitoring and surveillance.
=520  3\$asupporting in the health information landscape, opportunity to an provision o [...] France has also had a policy how digital health tools have been used the virus, to support recognition of of open data relating to the health crisis to support the COVID-19 response across symptoms, to connect with health services to reduce misinformation. [...] More novel ways of using the EU Digital COVID Certificate in some countries to provide the rapid digital health tools to support monitoring which required the establishment of identification of COVID-19 infections and surveillance have also emerged, such shared technical recommendations and and potential treatments. [...] The most reimbursement for other conditions or high-profile area of new digital health Facilitating the greater use of digital health more broadly across the health system, infrastructure has been the development tools during the pandemic has required with remote health services generally of specific applications for contact policy action across the four dimensions reimbursed at the same or a high.
=653  \\$aCOVID-19
=653  \\$acopenhagen
=653  \\$acovid-19
=653  \\$adelivery of health care
=653  \\$adigital technology
=700  1\$aWilliams, Gemma A.
=700  1\$aFahy, Nick.
=700  1\$aAissat, Dalhia.
=700  1\$aLenormand, Marie-Camille.
=700  1\$aStüwe, Louisa.
=700  1\$aZablit-Schmidt, Isabelle.
=700  1\$aDelafuys, Samuel.
=700  1\$aLe Douarin, Yann-Maël.
=700  1\$aMuscat, Natasha Azzopardi.
=710  2\$aWorld Health Organization.
=720  \\$aEuropean Observatory on Health Systems and Policies
=856  4\$uhttps://policycommons.net/artifacts/2198974/covid-19-and-the-use-of-digital-health-tools/2955340/$yWorld Health Organization document$ahttps://policycommons.net/
=859  \\$aORR$bWorld Health Organization
=884  \\$aLDL ebooks tsv to marcxml transformation using XSLTtest.xsl$g20230321$qUk
=CAT  \\$aBATCH-IGO$b00$c20230402$lBLL01$h2226
=CAT  \\$aBATCH-UPD$b00$c20230402$lBLL01$h2227
=FIN  \\$aY$d20230402
=SRC  \\$aCoherent Digital WHO$bWHOrecords20230329.lex
=LAS  \\$aBATCH-UPD$b00$c20230402$lBLL01$h2227

