=LDR  04081nam a22005773i 4500
=001  021012904
=003  Uk
=005  20230402222601.0
=006  m\\\\||\\d\|\\\\\\
=007  cr\|||||||||||
=008  230321s2022\\\\sz\|||||o\\\\||||\||eng\\
=FMT  \\$a  BK
=040  \\$aVaAlCD$beng$cVaAlCD$dUk
=041  \\$aeng
=245  00$aData gaps towards health development goals, 47 low- and middle-income countries /$cLuhua Zhao, Bochen Cao, Elaine Borghi, Somnath Chatterji, Sebastian Garcia-Saiso, Arash Rashidian, Henry Victor Doctor, Marcelo D'Agostino, Humphrey C. Karamagi, David Novillo-Ortiz, Mark Landry, Ahmad Reza Hosseinpoor, Abdisalan Noor, Leanne Riley, Adrienne Cox, Jun Gao, Steve Litavecz, Samira Asma.
=264  \1$a[Switzerland] :$bWorld Health Organization,$c2022.
=300  \\$a1 online resource.
=336  \\$atext$2rdacontent
=337  \\$acomputer$2rdamedia
=338  \\$aonline resource$2rdacarrier
=520  3\$aHealth data gaps for SDGs countries relied heavily on external or partners.
=520  3\$ahad been implemented in analysis using the period 2018-2020 funding for surveys, with only 3% of the multiple least developed countries since to evaluate the impact of survey fre- surveys fully funded by a government.9 2000 using nationally representative quency on availability of health data in International surveys provi [...] Reviewing the survey methods and tuberculosis, malaria and hepatitis B procedures in low- and middle-income only if rapid diagnosis tests or labora- countries would offer valuable insight tory testing were used in the surveys in Results into whether and to what extent key addition to data collected through oral We identified 14 different surveys that health data, measurable by the 46 indi- intervi [...] We examined the as demographic and health surveys on Household Surveys conducted a re- instruments to determine whether (DHS), labour force surveys, living stan- view to map the SDG global indicators they contained tools (such as survey dards measurement surveys and mul- to household surveys.11 The report found questions, health examinations or tiple indicator cluster surveys (MICS), that 77 of th [...] None of the countries had directly related to health emergencies of universal health care) and the two data for all 27 indicators measurable and neither were measurable directly by indicators that are related to readiness by surveys between 2015 and 2020. [...] However, the impact on our Examining international surveys HIV testing, but only for anonymous findings should be minimal as most of provided a quick summary of essential respondents between 15 and 49 years the indicators examined rely on surveys health data in the 47 least developed old,23 whereas measuring progress on as the primary data source, and civil countries.
=653  \\$aResearch
=653  \\$aresearch
=700  1\$aZhao, Luhua.
=700  1\$aCao, Bochen.
=700  1\$aBorghi, Elaine.
=700  1\$aChatterji, Somnath.
=700  1\$aGarcia-Saiso, Sebastian.
=700  1\$aRashidian, Arash.
=700  1\$aDoctor, Henry Victor.
=700  1\$aD'Agostino, Marcelo.
=700  1\$aKaramagi, Humphrey C.
=700  1\$aNovillo-Ortiz, David.
=700  1\$aLandry, Mark.
=700  1\$aHosseinpoor, Ahmad Reza.
=700  1\$aNoor, Abdisalan.
=700  1\$aRiley, Leanne.
=700  1\$aCox, Adrienne.
=700  1\$aGao, Jun.
=700  1\$aLitavecz, Steve.
=700  1\$aAsma, Samira.
=710  2\$aWorld Health Organization.
=856  4\$uhttps://policycommons.net/artifacts/2195490/data-gaps-towards-health-development-goals-47-low-and-middle-income-countries/2951833/$yWorld Health Organization document$ahttps://policycommons.net/
=859  \\$aORR$bWorld Health Organization
=884  \\$aLDL ebooks tsv to marcxml transformation using XSLTtest.xsl$g20230321$qUk
=CAT  \\$aBATCH-IGO$b00$c20230402$lBLL01$h2226
=CAT  \\$aBATCH-UPD$b00$c20230402$lBLL01$h2227
=FIN  \\$aY$d20230402
=SRC  \\$aCoherent Digital WHO$bWHOrecords20230329.lex
=LAS  \\$aBATCH-UPD$b00$c20230402$lBLL01$h2227

