=LDR  03398nam a22004933i 4500
=001  021012905
=003  Uk
=005  20230402222601.0
=006  m\\\\||\\d\|\\\\\\
=007  cr\|||||||||||
=008  230321s2022\\\\sz\|||||o\\\\||||\||eng\\
=FMT  \\$a  BK
=040  \\$aVaAlCD$beng$cVaAlCD$dUk
=041  \\$aeng
=245  00$aTransforming delivery of essential health services during the COVID-19 pandemic /$cErin Webb, Marie-Camille Lenormand, Nathalie Schneider, Sophie Augros, Dimitra Panteli, European Observatory on Health Systems and Policies.
=264  \1$a[Switzerland] :$bWorld Health Organization,$c2022.
=300  \\$a1 online resource.
=336  \\$atext$2rdacontent
=337  \\$acomputer$2rdamedia
=338  \\$aonline resource$2rdacarrier
=520  3\$aIn the Czech Republic, of COVID-19 on the health system over &amp.
=520  3\$apayment preventative appointments for adults the past 18 months, a transformation in the Primary health dropped 70% between April 2019 and delivery of essential health services can be care (PHC) April 2020. [...] These consultations aimed at assessing the impact of the lockdown on patients' Longer-term provisions for remote health, ensuring the continuity of care and discussing with individuals about the consultations are planned for early 2022, protective measures they need to adopt after lockdown, in relation to their specific for example the reintroduction of cost- disease or vulnerability. [...] Some countries have during COVID-19 introduced new means of outreach to the most vulnerable people, including the The statutory health insurance in France launched a comprehensive campaign statutory health insurance (L'Assurance of telephone calls to the most vulnerable people: those living with a disability, Maladie) in France (see Box 2). [...] They were an opportunity to remind people of protective measures, to encourage them to 3. Building on the strengths of primary make medical appointments when necessary and to respond - with partners - to health care problems such as the delivery of medicines or food shopping. [...] A joint outreach effort by the and the transformations described above health insurance and the family allowance scheme aims to help them access had a direct impact on their work and health care and their social rights.
=653  \\$aCOVID-19
=653  \\$aHealth Services
=653  \\$acopenhagen
=653  \\$acovid-19
=653  \\$adelivery of health care
=653  \\$ahealth services
=653  \\$ahealth systems plans
=700  1\$aWebb, Erin.
=700  1\$aLenormand, Marie-Camille.
=700  1\$aSchneider, Nathalie.
=700  1\$aAugros, Sophie.
=700  1\$aPanteli, Dimitra.
=710  2\$aWorld Health Organization.
=720  \\$aEuropean Observatory on Health Systems and Policies
=856  4\$uhttps://policycommons.net/artifacts/2198955/transforming-delivery-of-essential-health-services-during-the-covid-19-pandemic/2955317/$yWorld Health Organization document$ahttps://policycommons.net/
=859  \\$aORR$bWorld Health Organization
=884  \\$aLDL ebooks tsv to marcxml transformation using XSLTtest.xsl$g20230321$qUk
=CAT  \\$aBATCH-IGO$b00$c20230402$lBLL01$h2226
=CAT  \\$aBATCH-UPD$b00$c20230402$lBLL01$h2227
=FIN  \\$aY$d20230402
=SRC  \\$aCoherent Digital WHO$bWHOrecords20230329.lex
=LAS  \\$aBATCH-UPD$b00$c20230402$lBLL01$h2227

