=LDR  03526nam a22004693i 4500
=001  021012908
=003  Uk
=005  20230402222601.0
=006  m\\\\||\\d\|\\\\\\
=007  cr\|||||||||||
=008  230321s2022\\\\sz\|||||o\\\\||||\||eng\\
=FMT  \\$a  BK
=040  \\$aVaAlCD$beng$cVaAlCD$dUk
=041  \\$aeng
=245  00$aTowards a European Health Union: new instruments for stronger and more resilient health systems /$cNicole Mauer, Dimitra Panteli, Dorli Kahr-Gottlieb, Isabel De La Mata, European Observatory on Health Systems and Policies.
=264  \1$a[Switzerland] :$bWorld Health Organization,$c2022.
=300  \\$a1 online resource.
=336  \\$atext$2rdacontent
=337  \\$acomputer$2rdamedia
=338  \\$aonline resource$2rdacarrier
=520  3\$aSix months into the pandemic, on This was followed by the initiation of with some praising a strengthened health occasion of her yearly State of the negotiations with the European Parliament security framework and calling for the Union address, the President of the and the Council. [...] The Manifesto points of mandates for two of the EU's existing to some of the weaknesses within existing mechanisms for collaboration between agencies (the European Medicines Agency, Member States and with the European institutions and sets out a vision of a EMA and the European Centre for European Union, which protects the lives and health of all. [...] However, plans, as well as to establish an improved crisis-relevant medical countermeasure at the start of the pandemic, many of Early Warning and Response System production facilities and the facilitation of the national plans were inadequate and and monitor the level of vaccination emergency funding. [...] Among its systems, while also highlighting gaps newly gained responsibilities are also the Beyond pandemic preparedness: within the Decision framework and the issuance of concrete recommendations to Strengthening health systems in the lack of legal instruments at the disposal coordinate Member States' responses, the European Union of the Commission to ensure Member establishment of a reference lab [...] Union have become a surveillance capacities and mitigate on innovative technologies such as priority medicine shortages to the prevention of artificial intelligence, and the digital non-communicable diseases, including interoperability mechanisms developed actions dedicated to mental health, within the scope of the Connecting The heightened consensus for joint health primary care and the promotion.
=653  \\$aCOVID-19
=653  \\$aHealth Services
=653  \\$acopenhagen
=653  \\$acovid-19
=653  \\$aeuropean union
=653  \\$ahealth services
=653  \\$ahealth systems plans
=700  1\$aMauer, Nicole.
=700  1\$aPanteli, Dimitra.
=700  1\$aKahr-Gottlieb, Dorli.
=700  1\$aDe La Mata, Isabel.
=710  2\$aWorld Health Organization.
=720  \\$aEuropean Observatory on Health Systems and Policies
=856  4\$uhttps://policycommons.net/artifacts/2198978/towards-a-european-health-union/2955343/$yWorld Health Organization document$ahttps://policycommons.net/
=859  \\$aORR$bWorld Health Organization
=884  \\$aLDL ebooks tsv to marcxml transformation using XSLTtest.xsl$g20230321$qUk
=CAT  \\$aBATCH-IGO$b00$c20230402$lBLL01$h2226
=CAT  \\$aBATCH-UPD$b00$c20230402$lBLL01$h2227
=FIN  \\$aY$d20230402
=SRC  \\$aCoherent Digital WHO$bWHOrecords20230329.lex
=LAS  \\$aBATCH-UPD$b00$c20230402$lBLL01$h2227

