=LDR  03304nam a22004213i 4500
=001  021012912
=003  Uk
=005  20230402222601.0
=006  m\\\\||\\d\|\\\\\\
=007  cr\|||||||||||
=008  230321s2022\\\\sz\|||||o\\\\||||\||eng\\
=FMT  \\$a  BK
=040  \\$aVaAlCD$beng$cVaAlCD$dUk
=041  \\$aeng
=245  00$aPublic health information for minority linguistic communities /$cPierpaolo Di Carlo, Bradley McDonnell, Lisa Vahapoglu, Jeff Good, Mandana Seyfeddinipur, Katarzyna Kordas.
=264  \1$a[Switzerland] :$bWorld Health Organization,$c2022.
=300  \\$a1 online resource.
=336  \\$atext$2rdacontent
=337  \\$acomputer$2rdamedia
=338  \\$aonline resource$2rdacarrier
=520  3\$aPPersrpsecptivesctives Public health information for minority linguistic communities Pierpaolo Di Carlo,a Bradley McDonnell,b Lisa Vahapoglu,c Jeff Good,a Mandana Seyfeddinipurd &amp.
=520  3\$aKatarzyna Kordase Crisis and emergency risk communica- academics and communities have re- Failure to communicate effectively with tion guidelines1 stress that the success sulted in the translation of COVID-19 the public [...] To 6 counteract the lack of trust and potential 5000 ineffectiveness of COVID-19 prevention 5 messages, we call for additional transla- tion efforts aiming to disseminate infor- 4000 mation in all the 7000 languages of the 4 world. [...] The text is not limited to tion of endangered languages has been through the transdisciplinary collabora- the illustration of COVID-19 preventive growing,9 and this new development has tion of documentary linguists, public measures and contains general informa- brought increasing numbers of linguists health specialists and social scientists, tion that would allow native speakers to into direct con [...] Native to 5 minutes long) in 47 minority or preferences in language, cultural norms, speakers are required to read a five-page marginalized languages of Cameroon, nuance in communication and current reference text and pass a comprehension Indonesia and Pakistan. [...] Doing so project, it was impossible to systemati- Weak health systems and pre- is now an ambitious but attainable goal, cally evaluate the public health impact existing health disparities exacerbate thanks to recent advances in linguistic of the resources created in the initial the COVID-19 pandemic, which will field-based research and communica- phase of the project or to scale it up to remain a.
=653  \\$aperspectives
=700  1\$aDi Carlo, Pierpaolo.
=700  1\$aMcDonnell, Bradley.
=700  1\$aVahapoglu, Lisa.
=700  1\$aGood, Jeff.
=700  1\$aSeyfeddinipur, Mandana.
=700  1\$aKordas, Katarzyna.
=710  2\$aWorld Health Organization.
=856  4\$uhttps://policycommons.net/artifacts/2195481/public-health-information-for-minority-linguistic-communities/2951807/$yWorld Health Organization document$ahttps://policycommons.net/
=859  \\$aORR$bWorld Health Organization
=884  \\$aLDL ebooks tsv to marcxml transformation using XSLTtest.xsl$g20230321$qUk
=CAT  \\$aBATCH-IGO$b00$c20230402$lBLL01$h2226
=CAT  \\$aBATCH-UPD$b00$c20230402$lBLL01$h2227
=FIN  \\$aY$d20230402
=SRC  \\$aCoherent Digital WHO$bWHOrecords20230329.lex
=LAS  \\$aBATCH-UPD$b00$c20230402$lBLL01$h2227

