=LDR  01941nam a22004693i 4500
=001  021012917
=003  Uk
=005  20230402222601.0
=006  m\\\\||\\d\|\\\\\\
=007  cr\|||||||||||
=008  230321s2022\\\\sz\|||||o\\\\||||\||eng\\
=FMT  \\$a  BK
=040  \\$aVaAlCD$beng$cVaAlCD$dUk
=041  \\$aeng
=245  03$aAn observational prospective cohort study of naloxone use at witnessed overdoses, Kazakhstan, Kyrgyzstan, Tajikistan, Ukraine /$cPaul Dietze, Gilberto Gerra, Vladimir Poznyak, Giovanna Campello, Wataru Kashino, Dzhonbek Dzhonbekov, Tetiana Kiriazova, Danil Nikitin, Assel Terlikbayeva, Dzmitry Krupchanka, Anja Busse.
=264  \1$a[Switzerland] :$bWorld Health Organization,$c2022.
=300  \\$a1 online resource.
=336  \\$atext$2rdacontent
=337  \\$acomputer$2rdamedia
=338  \\$aonline resource$2rdacarrier
=653  \\$aResearch
=653  \\$aresearch
=700  1\$aDietze, Paul.
=700  1\$aGerra, Gilberto.
=700  1\$aPoznyak, Vladimir.
=700  1\$aCampello, Giovanna.
=700  1\$aKashino, Wataru.
=700  1\$aDzhonbekov, Dzhonbek.
=700  1\$aKiriazova, Tetiana.
=700  1\$aNikitin, Danil.
=700  1\$aTerlikbayeva, Assel.
=700  1\$aKrupchanka, Dzmitry.
=700  1\$aBusse, Anja.
=710  2\$aWorld Health Organization.
=856  4\$uhttps://policycommons.net/artifacts/2273569/an-observational-prospective-cohort-study-of-naloxone-use-at-witnessed-overdoses-kazakhstan-kyrgyzstan-tajikistan-ukraine/3033404/$yWorld Health Organization document$ahttps://policycommons.net/
=859  \\$aORR$bWorld Health Organization
=884  \\$aLDL ebooks tsv to marcxml transformation using XSLTtest.xsl$g20230321$qUk
=CAT  \\$aBATCH-IGO$b00$c20230402$lBLL01$h2226
=CAT  \\$aBATCH-UPD$b00$c20230402$lBLL01$h2227
=FIN  \\$aY$d20230402
=SRC  \\$aCoherent Digital WHO$bWHOrecords20230329.lex
=LAS  \\$aBATCH-UPD$b00$c20230402$lBLL01$h2227

