=LDR  01470nam a22003613i 4500
=001  021012922
=003  Uk
=005  20230402222601.0
=006  m\\\\||\\d\|\\\\\\
=007  cr\|||||||||||
=008  230321s2022\\\\sz\|||||o\\\\||||\||eng\\
=FMT  \\$a  BK
=040  \\$aVaAlCD$beng$cVaAlCD$dUk
=041  \\$aeng
=245  00$aBehavioural and Cultural Insights and the fight against Antimicrobial Resistance /$cWorld Health Organization. Regional Office for Europe.
=264  \1$a[Switzerland] :$bWorld Health Organization,$c2022.
=300  \\$a1 online resource.
=336  \\$atext$2rdacontent
=337  \\$acomputer$2rdamedia
=338  \\$aonline resource$2rdacarrier
=653  \\$aantimicrobial stewardship
=653  \\$abehavioral research
=653  \\$acopenhagen
=710  2\$aWorld Health Organization.
=720  \\$aWorld Health Organization. Regional Office for Europe
=856  4\$uhttps://policycommons.net/artifacts/2275030/behavioural-and-cultural-insights-and-the-fight-against-antimicrobial-resistance/3034996/$yWorld Health Organization document$ahttps://policycommons.net/
=859  \\$aORR$bWorld Health Organization
=884  \\$aLDL ebooks tsv to marcxml transformation using XSLTtest.xsl$g20230321$qUk
=CAT  \\$aBATCH-IGO$b00$c20230402$lBLL01$h2226
=CAT  \\$aBATCH-UPD$b00$c20230402$lBLL01$h2227
=FIN  \\$aY$d20230402
=SRC  \\$aCoherent Digital WHO$bWHOrecords20230329.lex
=LAS  \\$aBATCH-UPD$b00$c20230402$lBLL01$h2227

