=LDR  01846nam a22004933i 4500
=001  021012924
=003  Uk
=005  20230402222601.0
=006  m\\\\||\\d\|\\\\\\
=007  cr\|||||||||||
=008  230321s2022\\\\sz\|||||o\\\\||||\||eng\\
=FMT  \\$a  BK
=040  \\$aVaAlCD$beng$cVaAlCD$dUk
=041  \\$aeng
=245  00$aAnnual Report 2020 World Health Organization, Somalia: impacting health through innovation /$cWorld Health Organization. Regional Office for the Eastern Mediterranean.
=264  \1$a[Switzerland] :$bWorld Health Organization,$c2022.
=300  \\$a1 online resource.
=336  \\$atext$2rdacontent
=337  \\$acomputer$2rdamedia
=338  \\$aonline resource$2rdacarrier
=653  \\$aCOVID-19
=653  \\$aEmergency Medical Services
=653  \\$aSomalia
=653  \\$aannual report
=653  \\$abetacoronavirus
=653  \\$acairo
=653  \\$acommunicable disease control
=653  \\$acovid-19
=653  \\$adelivery of health care
=653  \\$adisease outbreaks
=653  \\$aemergency medical services
=653  \\$ahealth systems
=653  \\$asomalia
=653  \\$auniversal health insurance
=710  2\$aWorld Health Organization.
=720  \\$aWorld Health Organization. Regional Office for the Eastern Mediterranean
=856  4\$uhttps://policycommons.net/artifacts/2273892/annual-report-2020-world-health-organization-somalia/3033765/$yWorld Health Organization document$ahttps://policycommons.net/
=859  \\$aORR$bWorld Health Organization
=884  \\$aLDL ebooks tsv to marcxml transformation using XSLTtest.xsl$g20230321$qUk
=CAT  \\$aBATCH-IGO$b00$c20230402$lBLL01$h2226
=CAT  \\$aBATCH-UPD$b00$c20230402$lBLL01$h2227
=FIN  \\$aY$d20230402
=SRC  \\$aCoherent Digital WHO$bWHOrecords20230329.lex
=LAS  \\$aBATCH-UPD$b00$c20230402$lBLL01$h2227

