=LDR  02208nam a22004453i 4500
=001  021012926
=003  Uk
=005  20230402222601.0
=006  m\\\\||\\d\|\\\\\\
=007  cr\|||||||||||
=008  230321s2022\\\\sz\|||||o\\\\||||\||eng\\
=FMT  \\$a  BK
=040  \\$aVaAlCD$beng$cVaAlCD$dUk
=041  \\$aeng
=245  02$aA timeline of WHO's COVID-19 Response in the WHO European Region: a living document (‎version 3.0, from 31 December 2019 to 31 December 2021)‎ /$cWorld Health Organization. Regional Office for Europe.
=264  \1$a[Switzerland] :$bWorld Health Organization,$c2022.
=300  \\$a1 online resource.
=336  \\$atext$2rdacontent
=337  \\$acomputer$2rdamedia
=338  \\$aonline resource$2rdacarrier
=520  3\$aThis 'living' document presents an update tothe previous timeline, covering from 31 December2019 to 31 July 2021.1 It describes the continuationof the Regional Office's response to the ongoingpandemic and includes updates in the light ofnew information.This document highlights the response operationsled by the WHO European Region. It showcases awide range of the activities that WHO/Europe hasinitiated and participated in to support countriesand communities in the WHO European Region inresponding to the needs of the evolving situation.
=653  \\$aCOVID-19
=653  \\$aEpidemics
=653  \\$aEurope
=653  \\$acopenhagen
=653  \\$acovid-19
=653  \\$adisease outbreaks
=653  \\$aemergencies
=653  \\$aeurope
=653  \\$apandemics
=710  2\$aWorld Health Organization.
=720  \\$aWorld Health Organization. Regional Office for Europe
=856  4\$uhttps://policycommons.net/artifacts/2244611/a-timeline-of-whos-covid-19-response-in-the-who-european-region/3002908/$yWorld Health Organization document$ahttps://policycommons.net/
=859  \\$aORR$bWorld Health Organization
=884  \\$aLDL ebooks tsv to marcxml transformation using XSLTtest.xsl$g20230321$qUk
=CAT  \\$aBATCH-IGO$b00$c20230402$lBLL01$h2226
=CAT  \\$aBATCH-UPD$b00$c20230402$lBLL01$h2227
=FIN  \\$aY$d20230402
=SRC  \\$aCoherent Digital WHO$bWHOrecords20230329.lex
=LAS  \\$aBATCH-UPD$b00$c20230402$lBLL01$h2227

