=LDR  02108nam a22005293i 4500
=001  021012928
=003  Uk
=005  20230402222601.0
=006  m\\\\||\\d\|\\\\\\
=007  cr\|||||||||||
=008  230321s2022\\\\sz\|||||o\\\\||||\||eng\\
=FMT  \\$a  BK
=040  \\$aVaAlCD$beng$cVaAlCD$dUk
=041  \\$aeng
=245  00$aCOVID-19 response: effectiveness of weekly rapid risk assessments, Italy /$cFlavia Riccardo, Giorgio Guzzetta, Alberto Mateo Urdiales, Martina Del Manso, Xanthi D. Andrianou, Antonino Bella, Patrizio Pezzotti, Simona Carbone, Tiziana De Vito, Francesco Maraglino, Vittorio Demicheli, Claudio Dario, Enrico Coscioni, Giovanni Rezza, Andrea Urbani, Stefano Merler, Silvio Brusaferro.
=264  \1$a[Switzerland] :$bWorld Health Organization,$c2022.
=300  \\$a1 online resource.
=336  \\$atext$2rdacontent
=337  \\$acomputer$2rdamedia
=338  \\$aonline resource$2rdacarrier
=653  \\$alessons from the field
=700  1\$aRiccardo, Flavia.
=700  1\$aGuzzetta, Giorgio.
=700  1\$aUrdiales, Alberto Mateo.
=700  1\$aDel Manso, Martina.
=700  1\$aAndrianou, Xanthi D.
=700  1\$aBella, Antonino.
=700  1\$aPezzotti, Patrizio.
=700  1\$aCarbone, Simona.
=700  1\$aDe Vito, Tiziana.
=700  1\$aMaraglino, Francesco.
=700  1\$aDemicheli, Vittorio.
=700  1\$aDario, Claudio.
=700  1\$aCoscioni, Enrico.
=700  1\$aRezza, Giovanni.
=700  1\$aUrbani, Andrea.
=700  1\$aMerler, Stefano.
=700  1\$aBrusaferro, Silvio.
=710  2\$aWorld Health Organization.
=856  4\$uhttps://policycommons.net/artifacts/2243039/covid-19-response/3001178/$yWorld Health Organization document$ahttps://policycommons.net/
=859  \\$aORR$bWorld Health Organization
=884  \\$aLDL ebooks tsv to marcxml transformation using XSLTtest.xsl$g20230321$qUk
=CAT  \\$aBATCH-IGO$b00$c20230402$lBLL01$h2226
=CAT  \\$aBATCH-UPD$b00$c20230402$lBLL01$h2227
=FIN  \\$aY$d20230402
=SRC  \\$aCoherent Digital WHO$bWHOrecords20230329.lex
=LAS  \\$aBATCH-UPD$b00$c20230402$lBLL01$h2227

