=LDR  01739nam a22004813i 4500
=001  021012929
=003  Uk
=005  20230402222601.0
=006  m\\\\||\\d\|\\\\\\
=007  cr\|||||||||||
=008  230321s2022\\\\sz\|||||o\\\\||||\||eng\\
=FMT  \\$a  BK
=040  \\$aVaAlCD$beng$cVaAlCD$dUk
=041  \\$aeng
=245  00$aWHO COVID-19 essential supplies forecasting tool (‎COVID-ESFT)‎ /$cWorld Health Organization.
=264  \1$a[Switzerland] :$bWorld Health Organization,$c2022.
=300  \\$a1 online resource.
=336  \\$atext$2rdacontent
=337  \\$acomputer$2rdamedia
=338  \\$aonline resource$2rdacarrier
=520  3\$aExcel spreadsheet.
=653  \\$aCOVID-19
=653  \\$abetacoronavirus
=653  \\$acovid-19
=653  \\$adisease outbreaks
=653  \\$aepidemiological monitoring
=653  \\$aequipment and supplies, hospital
=653  \\$ageneva
=653  \\$ahealth workforce
=653  \\$ahospital bed capacity
=653  \\$apersonal protective equipment
=653  \\$areagent kits, diagnostic
=653  \\$asupply and distribution
=710  2\$aWorld Health Organization.
=720  \\$aWorld Health Organization
=856  4\$uhttps://policycommons.net/artifacts/2258468/who-covid-19-essential-supplies-forecasting-tool-covid-esft/3017153/$yWorld Health Organization document$ahttps://policycommons.net/
=859  \\$aORR$bWorld Health Organization
=884  \\$aLDL ebooks tsv to marcxml transformation using XSLTtest.xsl$g20230321$qUk
=CAT  \\$aBATCH-IGO$b00$c20230402$lBLL01$h2226
=CAT  \\$aBATCH-UPD$b00$c20230402$lBLL01$h2227
=FIN  \\$aY$d20230402
=SRC  \\$aCoherent Digital WHO$bWHOrecords20230329.lex
=LAS  \\$aBATCH-UPD$b00$c20230402$lBLL01$h2227

