=LDR  02857nam a22004573i 4500
=001  021012932
=003  Uk
=005  20230402222601.0
=006  m\\\\||\\d\|\\\\\\
=007  cr\|||||||||||
=008  230321s2022\\\\sz\|||||o\\\\||||\||eng\\
=FMT  \\$a  BK
=040  \\$aVaAlCD$beng$cVaAlCD$dUk
=041  \\$aeng
=245  00$aEditorial /$cKatia Julienne, Josep Figueras, European Observatory on Health Systems and Policies.
=264  \1$a[Switzerland] :$bWorld Health Organization,$c2022.
=300  \\$a1 online resource.
=336  \\$atext$2rdacontent
=337  \\$acomputer$2rdamedia
=338  \\$aonline resource$2rdacarrier
=520  3\$aThe European Union has played a significant role in providing a variety of support tools for Importantly, we have seen that by working together, countries, facilitating the movement of patients across Europe and globally, we can learn from and across borders (see article by Wismar and colleagues). [...] In this Commission has devised new instruments to expand special issue of Eurohealth, published to coincide the scope of existing tools for the pandemic response with the start of the French Presidency of the Council and beyond. [...] This underscores the importance of examining and learning which In the first article of the issue, Sagan and colleagues actions can contribute to strengthening ongoing look at how resilience is defined for health systems health system responses. [...] Acting on this evidence can and the strategies European countries have taken to ensure COVID-19 is a catalyst for transformative meet the challenges posed by the pandemic. [...] Looking change in health systems to ensure they are better ahead to potential future health shocks, the authors equipped to meet future health crises and to draw lessons to help improve preparedness and provide more accessible and higher quality care strengthen health system resilience more generally.
=653  \\$aCOVID-19
=653  \\$aHealth Services
=653  \\$acopenhagen
=653  \\$acovid-19
=653  \\$adelivery of health care
=653  \\$ahealth services
=653  \\$ahealth systems plans
=653  \\$ahealth workforce
=700  1\$aJulienne, Katia.
=700  1\$aFigueras, Josep.
=710  2\$aWorld Health Organization.
=720  \\$aEuropean Observatory on Health Systems and Policies
=856  4\$uhttps://policycommons.net/artifacts/2198970/editorial/2955329/$yWorld Health Organization document$ahttps://policycommons.net/
=859  \\$aORR$bWorld Health Organization
=884  \\$aLDL ebooks tsv to marcxml transformation using XSLTtest.xsl$g20230321$qUk
=CAT  \\$aBATCH-IGO$b00$c20230402$lBLL01$h2226
=CAT  \\$aBATCH-UPD$b00$c20230402$lBLL01$h2227
=FIN  \\$aY$d20230402
=SRC  \\$aCoherent Digital WHO$bWHOrecords20230329.lex
=LAS  \\$aBATCH-UPD$b00$c20230402$lBLL01$h2227

