=LDR  02859nam a22003613i 4500
=001  021012933
=003  Uk
=005  20230402222601.0
=006  m\\\\||\\d\|\\\\\\
=007  cr\|||||||||||
=008  230321s2022\\\\sz\|||||o\\\\||||\||eng\\
=FMT  \\$a  BK
=040  \\$aVaAlCD$beng$cVaAlCD$dUk
=041  \\$aeng
=245  00$aGuidelines for contributors.
=264  \1$a[Switzerland] :$bWorld Health Organization,$c2022.
=300  \\$a1 online resource.
=336  \\$atext$2rdacontent
=337  \\$acomputer$2rdamedia
=338  \\$aonline resource$2rdacarrier
=520  3\$aGuidelines for contributors 1. Scope and editorial policy Research abstract (see below, 2.7).
=520  3\$athe number 1.1 Content Research, methodologically rigorous, of references in accordance with the The mission of the Bulletin of the World of relevance to international public scope of the review.
=520  3\$apeer reviewed. [...] Unsolicited manuscripts author working at an institution in the mentation research reports should fol- We welcome unsolicited submissions country in which the primary research low the specifications described above to the Research, Systematic reviews, was conducted. [...] Authors wishing to submit an made for pre-prints of research papers in International Prospective Register of unsolicited manuscript for one of these the context of a public health emergency Systematic Reviews (PROSPERO) Not categories should first contact the edito- of international concern. [...] Academic Authoritative reviews, analyses or views Authors should identify the sources that titles and the names of departments of an important topic related to a theme funded the work undertaken, affirm that are unnecessary and are discouraged or to one or more papers published in they have not entered into an agreement for reasons of space. [...] Each WHO publishes the results of research 1.5 Appeals process author should have participated suf- involving human subjects only if fully ficiently in the work being reported to compliant with ethical principles, in- Authors of rejected papers can ap- take public responsibility for the paper's cluding the provisions of the World peal against the decision by following content and should describe i.
=653  \\$aguidelines for contributors
=710  2\$aWorld Health Organization.
=856  4\$uhttps://policycommons.net/artifacts/2195416/guidelines-for-contributors/2951757/$yWorld Health Organization document$ahttps://policycommons.net/
=859  \\$aORR$bWorld Health Organization
=884  \\$aLDL ebooks tsv to marcxml transformation using XSLTtest.xsl$g20230321$qUk
=CAT  \\$aBATCH-IGO$b00$c20230402$lBLL01$h2226
=CAT  \\$aBATCH-UPD$b00$c20230402$lBLL01$h2227
=FIN  \\$aY$d20230402
=SRC  \\$aCoherent Digital WHO$bWHOrecords20230329.lex
=LAS  \\$aBATCH-UPD$b00$c20230402$lBLL01$h2227

