=LDR  01824nam a22004573i 4500
=001  021012934
=003  Uk
=005  20230402222601.0
=006  m\\\\||\\d\|\\\\\\
=007  cr\|||||||||||
=008  230321s2022\\\\sz\|||||o\\\\||||\||eng\\
=FMT  \\$a  BK
=040  \\$aVaAlCD$beng$cVaAlCD$dUk
=041  \\$aeng
=245  00$aOperational guidance on establishing an ultra-cold chain system in support of the Pfizer-BioNTech COVID-19 vaccine rollout, 1 February 2022 /$cWorld Health Organization, United Nations Children's Fund.
=264  \1$a[Switzerland] :$bWorld Health Organization,$c2022.
=300  \\$a1 online resource.
=336  \\$atext$2rdacontent
=337  \\$acomputer$2rdamedia
=338  \\$aonline resource$2rdacarrier
=653  \\$aCOVID-19
=653  \\$aRefrigeration
=653  \\$abetacoronavirus
=653  \\$acovid-19
=653  \\$acovid-19 vaccines
=653  \\$adisease outbreaks
=653  \\$ageneva
=653  \\$arefrigeration
=653  \\$asupply and distribution
=653  \\$atransportation
=710  2\$aWorld Health Organization.
=720  \\$aWorld Health Organization
=720  \\$aUnited Nations Children's Fund (‎UNICEF)‎
=856  4\$uhttps://policycommons.net/artifacts/2228156/operational-guidance-on-establishing-an-ultra-cold-chain-system-in-support-of-the-pfizer-biontech-covid-19-vaccine-rollout-1-february-2022/2985587/$yWorld Health Organization document$ahttps://policycommons.net/
=859  \\$aORR$bWorld Health Organization
=884  \\$aLDL ebooks tsv to marcxml transformation using XSLTtest.xsl$g20230321$qUk
=CAT  \\$aBATCH-IGO$b00$c20230402$lBLL01$h2226
=CAT  \\$aBATCH-UPD$b00$c20230402$lBLL01$h2227
=FIN  \\$aY$d20230402
=SRC  \\$aCoherent Digital WHO$bWHOrecords20230329.lex
=LAS  \\$aBATCH-UPD$b00$c20230402$lBLL01$h2227

