=LDR  02108nam a22004333i 4500
=001  021012936
=003  Uk
=005  20230402222601.0
=006  m\\\\||\\d\|\\\\\\
=007  cr\|||||||||||
=008  230321s2022\\\\sz\|||||o\\\\||||\||eng\\
=FMT  \\$a  BK
=040  \\$aVaAlCD$beng$cVaAlCD$dUk
=041  \\$aeng
=245  00$aRecommendations from the WHO Technical Advisory Group on Safe Schooling During the COVID-19 Pandemic: revised version following the eighth TAG meeting, 20 January 2022 /$cWorld Health Organization. Regional Office for Europe.
=264  \1$a[Switzerland] :$bWorld Health Organization,$c2022.
=300  \\$a1 online resource.
=336  \\$atext$2rdacontent
=337  \\$acomputer$2rdamedia
=338  \\$aonline resource$2rdacarrier
=520  3\$aThe WHO Technical Advisory Group (‎TAG)‎ on Safe Schooling During the COVID-19 Pandemic was set up by the WHO Regional Director for Europe in August 2020. The TAG's eight recommendations taken together represent a framework for action for schools across the WHO European Region. This document was developed to inform discussion on the recommendations at the TAG's eighth meeting on 20 January 2022.
=653  \\$aChild Health
=653  \\$aCOVID-19
=653  \\$aSchools
=653  \\$achild health
=653  \\$acopenhagen
=653  \\$acovid-19
=653  \\$ainfection control
=653  \\$aschools
=710  2\$aWorld Health Organization.
=720  \\$aWorld Health Organization. Regional Office for Europe
=856  4\$uhttps://policycommons.net/artifacts/2265833/recommendations-from-the-who-technical-advisory-group-on-safe-schooling-during-the-covid-19-pandemic/3025504/$yWorld Health Organization document$ahttps://policycommons.net/
=859  \\$aORR$bWorld Health Organization
=884  \\$aLDL ebooks tsv to marcxml transformation using XSLTtest.xsl$g20230321$qUk
=CAT  \\$aBATCH-IGO$b00$c20230402$lBLL01$h2226
=CAT  \\$aBATCH-UPD$b00$c20230402$lBLL01$h2227
=FIN  \\$aY$d20230402
=SRC  \\$aCoherent Digital WHO$bWHOrecords20230329.lex
=LAS  \\$aBATCH-UPD$b00$c20230402$lBLL01$h2227

