=LDR  01995nam a22005293i 4500
=001  021012940
=003  Uk
=005  20230402222601.0
=006  m\\\\||\\d\|\\\\\\
=007  cr\|||||||||||
=008  230321s2022\\\\sz\|||||o\\\\||||\||eng\\
=FMT  \\$a  BK
=040  \\$aVaAlCD$beng$cVaAlCD$dUk
=041  \\$aeng
=245  00$aSafety monitoring of molnupiravir for treatment of mild to moderate COVID-19 infection in low and middle-income countries using cohort event monitoring: a WHO study, 11 March 2022 /$cWorld Health Organization.
=264  \1$a[Switzerland] :$bWorld Health Organization,$c2022.
=300  \\$a1 online resource.
=336  \\$atext$2rdacontent
=337  \\$acomputer$2rdamedia
=338  \\$aonline resource$2rdacarrier
=653  \\$aCOVID-19
=653  \\$aDeveloping Countries
=653  \\$aVirus Research
=653  \\$aantiviral agents
=653  \\$abetacoronavirus
=653  \\$acohort studies
=653  \\$acovid-19
=653  \\$acytidine
=653  \\$adeveloping countries
=653  \\$adisease outbreaks
=653  \\$adrug evaluation
=653  \\$adrug therapy
=653  \\$ageneva
=653  \\$ahydroxylamines
=653  \\$atherapeutic use
=653  \\$atreatment outcome
=653  \\$avirology
=710  2\$aWorld Health Organization.
=720  \\$aWorld Health Organization
=856  4\$uhttps://policycommons.net/artifacts/2273595/safety-monitoring-of-molnupiravir-for-treatment-of-mild-to-moderate-covid-19-infection-in-low-and-middle-income-countries-using-cohort-event-monitoring/3033482/$yWorld Health Organization document$ahttps://policycommons.net/
=859  \\$aORR$bWorld Health Organization
=884  \\$aLDL ebooks tsv to marcxml transformation using XSLTtest.xsl$g20230321$qUk
=CAT  \\$aBATCH-IGO$b00$c20230402$lBLL01$h2226
=CAT  \\$aBATCH-UPD$b00$c20230402$lBLL01$h2227
=FIN  \\$aY$d20230402
=SRC  \\$aCoherent Digital WHO$bWHOrecords20230329.lex
=LAS  \\$aBATCH-UPD$b00$c20230402$lBLL01$h2227

