=LDR  02114nam a22004213i 4500
=001  021012943
=003  Uk
=005  20230402222601.0
=006  m\\\\||\\d\|\\\\\\
=007  cr\|||||||||||
=008  230321s2022\\\\sz\|||||o\\\\||||\||eng\\
=FMT  \\$a  BK
=040  \\$aVaAlCD$beng$cVaAlCD$dUk
=041  \\$aeng
=245  00$aSubregional training on the use of risk analysis in the response to food safety emergencies in the Western Balkans. Technical report. Durrës, Albania, 25-26 November 2021 /$cWorld Health Organization. Regional Office for Europe.
=264  \1$a[Switzerland] :$bWorld Health Organization,$c2022.
=300  \\$a1 online resource.
=336  \\$atext$2rdacontent
=337  \\$acomputer$2rdamedia
=338  \\$aonline resource$2rdacarrier
=520  3\$aTo enhance the capcities of Member States in the Western Balkans to better respond to food safety emergencies, a two-day workshop was conducted in Durrës, Albania on 25-26 November 2021. The main aim of the workshop was to support countries/areas to apply risk analysis principles and procedures in response to food safety emergencies. This report provides brief summaries of the workshop presentations and discussions.
=653  \\$aFood
=653  \\$aFood Security
=653  \\$acopenhagen
=653  \\$aemergencies
=653  \\$afood
=653  \\$afood safety
=653  \\$afood security
=710  2\$aWorld Health Organization.
=720  \\$aWorld Health Organization. Regional Office for Europe
=856  4\$uhttps://policycommons.net/artifacts/2266872/subregional-training-on-the-use-of-risk-analysis-in-the-response-to-food-safety-emergencies-in-the-western-balkans/3026545/$yWorld Health Organization document$ahttps://policycommons.net/
=859  \\$aORR$bWorld Health Organization
=884  \\$aLDL ebooks tsv to marcxml transformation using XSLTtest.xsl$g20230321$qUk
=CAT  \\$aBATCH-IGO$b00$c20230402$lBLL01$h2226
=CAT  \\$aBATCH-UPD$b00$c20230402$lBLL01$h2227
=FIN  \\$aY$d20230402
=SRC  \\$aCoherent Digital WHO$bWHOrecords20230329.lex
=LAS  \\$aBATCH-UPD$b00$c20230402$lBLL01$h2227

