=LDR  02759nam a22004333i 4500
=001  021012945
=003  Uk
=005  20230402222601.0
=006  m\\\\||\\d\|\\\\\\
=007  cr\|||||||||||
=008  230321s2022\\\\sz\|||||o\\\\||||\||eng\\
=FMT  \\$a  BK
=040  \\$aVaAlCD$beng$cVaAlCD$dUk
=041  \\$aeng
=245  00$aSupplement to the European Health Report 2021: projections for a selection of indicators for health-related Sustainable Development Goals /$cWorld Health Organization. Regional Office for Europe.
=264  \1$a[Switzerland] :$bWorld Health Organization,$c2022.
=300  \\$a1 online resource.
=336  \\$atext$2rdacontent
=337  \\$acomputer$2rdamedia
=338  \\$aonline resource$2rdacarrier
=520  3\$aThe European Health Report is produced every three years as a flagship publication by the WHO Regional Office for Europe. The aims of the 2021 edition are to provide insight into Regional progress towards the health-related Sustainable Development Goals (‎SDGs)‎ and to examine available date on the effects of the COVID-19 pandemic on population health, thereby focusing on health inequalities and how the pandemic is affecting these. In addition, the report describes how the Regional Office, through implementation of the European Programme of Work 2020-2025, aims to support Member States in tackling the major challenges in the Region and building back better after the pandemic. This Supplement of the European Health Report 2021 complements the Report and assesses whether the WHO European Region is on track to reach the health-related SDGs by presenting projections until 2030 for different scenarios for 12 SDG indicators, followed by information on key interventions necessary to stay on track and further improve, and potential reasons for a deterioration to occur.
=653  \\$aHealth Policy
=653  \\$aSustainable development
=653  \\$acopenhagen
=653  \\$ahealthcare disparities
=653  \\$ahealth inequities
=653  \\$ahealth policy
=653  \\$apopulation health
=653  \\$asustainable development
=710  2\$aWorld Health Organization.
=720  \\$aWorld Health Organization. Regional Office for Europe
=856  4\$uhttps://policycommons.net/artifacts/2270992/supplement-to-the-european-health-report-2021/3030809/$yWorld Health Organization document$ahttps://policycommons.net/
=859  \\$aORR$bWorld Health Organization
=884  \\$aLDL ebooks tsv to marcxml transformation using XSLTtest.xsl$g20230321$qUk
=CAT  \\$aBATCH-IGO$b00$c20230402$lBLL01$h2226
=CAT  \\$aBATCH-UPD$b00$c20230402$lBLL01$h2227
=FIN  \\$aY$d20230402
=SRC  \\$aCoherent Digital WHO$bWHOrecords20230329.lex
=LAS  \\$aBATCH-UPD$b00$c20230402$lBLL01$h2227

