=LDR  01798nam a22004693i 4500
=001  021012946
=003  Uk
=005  20230402222601.0
=006  m\\\\||\\d\|\\\\\\
=007  cr\|||||||||||
=008  230321s2022\\\\sz\|||||o\\\\||||\||eng\\
=FMT  \\$a  BK
=040  \\$aVaAlCD$beng$cVaAlCD$dUk
=041  \\$aeng
=245  00$aTuberculosis prevention and care among refugees and other populations in humanitarian settings: an interagency field guide /$cWorld Health Organization, UNHCR, Centers for Disease Control and Prevention.
=264  \1$a[Switzerland] :$bWorld Health Organization,$c2022.
=300  \\$a1 online resource.
=336  \\$atext$2rdacontent
=337  \\$acomputer$2rdamedia
=338  \\$aonline resource$2rdacarrier
=653  \\$aRefugees
=653  \\$aTuberculosis
=653  \\$aantitubercular agents
=653  \\$aemergencies
=653  \\$ageneva
=653  \\$ahandbook
=653  \\$aprevention and control
=653  \\$arefugees
=653  \\$atuberculosis
=653  \\$atuberculosis, pulmonary
=710  2\$aWorld Health Organization.
=720  \\$aWorld Health Organization
=720  \\$aUNHCR
=720  \\$aCenters for Disease Control and Prevention
=856  4\$uhttps://policycommons.net/artifacts/2266519/tuberculosis-prevention-and-care-among-refugees-and-other-populations-in-humanitarian-settings/3026188/$yWorld Health Organization document$ahttps://policycommons.net/
=859  \\$aORR$bWorld Health Organization
=884  \\$aLDL ebooks tsv to marcxml transformation using XSLTtest.xsl$g20230321$qUk
=CAT  \\$aBATCH-IGO$b00$c20230402$lBLL01$h2226
=CAT  \\$aBATCH-UPD$b00$c20230402$lBLL01$h2227
=FIN  \\$aY$d20230402
=SRC  \\$aCoherent Digital WHO$bWHOrecords20230329.lex
=LAS  \\$aBATCH-UPD$b00$c20230402$lBLL01$h2227

