=LDR  02101nam a22005173i 4500
=001  021012949
=003  Uk
=005  20230402222601.0
=006  m\\\\||\\d\|\\\\\\
=007  cr\|||||||||||
=008  230321s2022\\\\sz\|||||o\\\\||||\||eng\\
=FMT  \\$a  BK
=040  \\$aVaAlCD$beng$cVaAlCD$dUk
=041  \\$aeng
=245  00$aTravel restrictions and variants of concern: global health laws need to reflect evidence /$cBenjamin Mason Meier, Judith Bueno de Mesquita, Gian Luca Burci, Danwood Chirwa, Stéphanie Dagron, Mark Eccleston-Turner, Lisa Forman, Lawrence O. Gostin, Roojin Habibi, Stefania Negri, Alexandra Phelan, Sharifah Sekalala, Allyn Taylor, Pedro A. Villarreal, Alicia Ely Yamin, Steven J. Hoffman.
=264  \1$a[Switzerland] :$bWorld Health Organization,$c2022.
=300  \\$a1 online resource.
=336  \\$atext$2rdacontent
=337  \\$acomputer$2rdamedia
=338  \\$aonline resource$2rdacarrier
=653  \\$aeditorials
=700  1\$aMeier, Benjamin Mason.
=700  1\$aBueno de Mesquita, Judith.
=700  1\$aBurci, Gian Luca.
=700  1\$aChirwa, Danwood.
=700  1\$aDagron, Stéphanie.
=700  1\$aEccleston-Turner, Mark.
=700  1\$aForman, Lisa.
=700  1\$aGostin, Lawrence O.
=700  1\$aHabibi, Roojin.
=700  1\$aNegri, Stefania.
=700  1\$aPhelan, Alexandra.
=700  1\$aSekalala, Sharifah.
=700  1\$aTaylor, Allyn.
=700  1\$aVillarreal, Pedro A.
=700  1\$aYamin, Alicia Ely.
=700  1\$aHoffman, Steven J.
=710  2\$aWorld Health Organization.
=856  4\$uhttps://policycommons.net/artifacts/2273574/travel-restrictions-and-variants-of-concern/3033420/$yWorld Health Organization document$ahttps://policycommons.net/
=859  \\$aORR$bWorld Health Organization
=884  \\$aLDL ebooks tsv to marcxml transformation using XSLTtest.xsl$g20230321$qUk
=CAT  \\$aBATCH-IGO$b00$c20230402$lBLL01$h2226
=CAT  \\$aBATCH-UPD$b00$c20230402$lBLL01$h2227
=FIN  \\$aY$d20230402
=SRC  \\$aCoherent Digital WHO$bWHOrecords20230329.lex
=LAS  \\$aBATCH-UPD$b00$c20230402$lBLL01$h2227

