=LDR  01710nam a22004693i 4500
=001  021012953
=003  Uk
=005  20230402222601.0
=006  m\\\\||\\d\|\\\\\\
=007  cr\|||||||||||
=008  230321s2022\\\\sz\|||||o\\\\||||\||eng\\
=FMT  \\$a  BK
=040  \\$aVaAlCD$beng$cVaAlCD$dUk
=041  \\$aeng
=245  00$aEnd-to-end integration of SARS-CoV-2 and influenza sentinel surveillance: revised interim guidance, 31 January 2022 /$cWorld Health Organization.
=264  \1$a[Switzerland] :$bWorld Health Organization,$c2022.
=300  \\$a1 online resource.
=336  \\$atext$2rdacontent
=337  \\$acomputer$2rdamedia
=338  \\$aonline resource$2rdacarrier
=653  \\$aCOVID-19
=653  \\$aEpidemics
=653  \\$abetacoronavirus
=653  \\$acovid-19
=653  \\$adisease outbreaks
=653  \\$aepidemiological monitoring
=653  \\$ageneva
=653  \\$aguideline
=653  \\$ainfluenza, human
=653  \\$apandemics
=653  \\$apublic health surveillance
=653  \\$asentinel surveillance
=710  2\$aWorld Health Organization.
=720  \\$aWorld Health Organization
=856  4\$uhttps://policycommons.net/artifacts/2224918/end-to-end-integration-of-sars-cov-2-and-influenza-sentinel-surveillance/2982350/$yWorld Health Organization document$ahttps://policycommons.net/
=859  \\$aORR$bWorld Health Organization
=884  \\$aLDL ebooks tsv to marcxml transformation using XSLTtest.xsl$g20230321$qUk
=CAT  \\$aBATCH-IGO$b00$c20230402$lBLL01$h2226
=CAT  \\$aBATCH-UPD$b00$c20230402$lBLL01$h2227
=FIN  \\$aY$d20230402
=SRC  \\$aCoherent Digital WHO$bWHOrecords20230329.lex
=LAS  \\$aBATCH-UPD$b00$c20230402$lBLL01$h2227

