=LDR  01642nam a22004213i 4500
=001  021012961
=003  Uk
=005  20230402222602.0
=006  m\\\\||\\d\|\\\\\\
=007  cr\|||||||||||
=008  230321s2022\\\\sz\|||||o\\\\||||\||eng\\
=FMT  \\$a  BK
=040  \\$aVaAlCD$beng$cVaAlCD$dUk
=041  \\$aeng
=245  00$aCaring for those who care: guide for the development and implementation of occupational health and safety programmes for health workers: executive summary /$cWorld Health Organization, International Labour Organization.
=264  \1$a[Switzerland] :$bWorld Health Organization,$c2022.
=300  \\$a1 online resource.
=336  \\$atext$2rdacontent
=337  \\$acomputer$2rdamedia
=338  \\$aonline resource$2rdacarrier
=653  \\$aHealth Policy
=653  \\$aOccupational Health
=653  \\$ageneva
=653  \\$ahealth personnel
=653  \\$ahealth policy
=653  \\$anational health programs
=653  \\$aoccupational health
=710  2\$aWorld Health Organization.
=720  \\$aWorld Health Organization
=720  \\$aInternational Labour Organization
=856  4\$uhttps://policycommons.net/artifacts/2258472/caring-for-those-who-care/3017149/$yWorld Health Organization document$ahttps://policycommons.net/
=859  \\$aORR$bWorld Health Organization
=884  \\$aLDL ebooks tsv to marcxml transformation using XSLTtest.xsl$g20230321$qUk
=CAT  \\$aBATCH-IGO$b00$c20230402$lBLL01$h2226
=CAT  \\$aBATCH-UPD$b00$c20230402$lBLL01$h2228
=FIN  \\$aY$d20230402
=SRC  \\$aCoherent Digital WHO$bWHOrecords20230329.lex
=LAS  \\$aBATCH-UPD$b00$c20230402$lBLL01$h2228

