=LDR  02237nam a22004213i 4500
=001  021012962
=003  Uk
=005  20230402222602.0
=006  m\\\\||\\d\|\\\\\\
=007  cr\|||||||||||
=008  230321s2022\\\\sz\|||||o\\\\||||\||eng\\
=FMT  \\$a  BK
=040  \\$aVaAlCD$beng$cVaAlCD$dUk
=041  \\$aeng
=245  00$a7th joint WHO Regional Office for Europe and European Centre for Disease Prevention and Control Annual European Influenza and COVID-19 surveillance meeting. Meeting report: October 7-8, 2020, online meeting /$cWorld Health Organization. Regional Office for Europe.
=264  \1$a[Switzerland] :$bWorld Health Organization,$c2022.
=300  \\$a1 online resource.
=336  \\$atext$2rdacontent
=337  \\$acomputer$2rdamedia
=338  \\$aonline resource$2rdacarrier
=520  3\$aFrom 7 to 8 October 2021, the 7th Joint WHO Regional Office for Europe and the European Centre for Disease Prevention and Control (‎ECDC)‎ European Influenza and COVID-19 Surveillance Meeting was held online. This was the first annual meeting to be held online and to reflect on the COVID-19 pandemic. The meeting involved 47 countries and areas of the WHO European Region and participants from both the influenza and COVID-19 networks.
=653  \\$aCOVID-19
=653  \\$aEurope
=653  \\$acopenhagen
=653  \\$acovid-19
=653  \\$aeurope
=653  \\$ainfluenza, human
=653  \\$asurveys and questionnaires
=710  2\$aWorld Health Organization.
=720  \\$aWorld Health Organization. Regional Office for Europe
=856  4\$uhttps://policycommons.net/artifacts/2262020/7th-joint-who-regional-office-for-europe-and-european-centre-for-disease-prevention-and-control-annual-european-influenza-and-covid-19-surveillance-meeting-meeting-report/3021069/$yWorld Health Organization document$ahttps://policycommons.net/
=859  \\$aORR$bWorld Health Organization
=884  \\$aLDL ebooks tsv to marcxml transformation using XSLTtest.xsl$g20230321$qUk
=CAT  \\$aBATCH-IGO$b00$c20230402$lBLL01$h2226
=CAT  \\$aBATCH-UPD$b00$c20230402$lBLL01$h2228
=FIN  \\$aY$d20230402
=SRC  \\$aCoherent Digital WHO$bWHOrecords20230329.lex
=LAS  \\$aBATCH-UPD$b00$c20230402$lBLL01$h2228

