=LDR  02596nam a22003733i 4500
=001  021012963
=003  Uk
=005  20230402222602.0
=006  m\\\\||\\d\|\\\\\\
=007  cr\|||||||||||
=008  230321s2022\\\\sz\|||||o\\\\||||\||eng\\
=FMT  \\$a  BK
=040  \\$aVaAlCD$beng$cVaAlCD$dUk
=041  \\$aeng
=245  00$aBuilding climate-sensitive nutrition programmes /$cHannah Nissan, Will Simmons, Shauna M. Downs.
=264  \1$a[Switzerland] :$bWorld Health Organization,$c2022.
=300  \\$a1 online resource.
=336  \\$atext$2rdacontent
=337  \\$acomputer$2rdamedia
=338  \\$aonline resource$2rdacarrier
=520  3\$aSeasonality, climate components of development.19 variability (including extreme events) and climate change can A systems approach is needed to capture the potential disrupt food production and have a broad effect on the food magnitude of the influence of the climate on food systems. [...] The high temporal resolution of the data from the Bangladesh Nutrition Surveillance Project (now the Food Security and Nutrition Surveillance Project) makes it possible to investigate the relationships between climate and nutrition across time. [...] However, affect the transmission of infectious and the climate to improve the effectiveness subsequent discussions revealed a lack vector-borne diseases.29-33 The contami- of nutrition programmes? [...] If affected by changes in the frequency of studies on nutritional vulnerabilities the lag is too short to enable sufficient extreme events and in the timing of the seldom differentiate the effects of cli- time to intervene, forecasts - if skilful seasons. [...] Climate forecasts, data and responsible for the lack of diversity or ate times of the year and in locations knowledge can be communicated using whether the season in which an anomaly representative of the regional climate.
=653  \\$apolicy & practice
=700  1\$aNissan, Hannah.
=700  1\$aSimmons, Will.
=700  1\$aDowns, Shauna M.
=710  2\$aWorld Health Organization.
=856  4\$uhttps://policycommons.net/artifacts/2195433/building-climate-sensitive-nutrition-programmes/2951853/$yWorld Health Organization document$ahttps://policycommons.net/
=859  \\$aORR$bWorld Health Organization
=884  \\$aLDL ebooks tsv to marcxml transformation using XSLTtest.xsl$g20230321$qUk
=CAT  \\$aBATCH-IGO$b00$c20230402$lBLL01$h2226
=CAT  \\$aBATCH-UPD$b00$c20230402$lBLL01$h2228
=FIN  \\$aY$d20230402
=SRC  \\$aCoherent Digital WHO$bWHOrecords20230329.lex
=LAS  \\$aBATCH-UPD$b00$c20230402$lBLL01$h2228

