=LDR  03443nam a22004693i 4500
=001  021012964
=003  Uk
=005  20230402222602.0
=006  m\\\\||\\d\|\\\\\\
=007  cr\|||||||||||
=008  230321s2022\\\\sz\|||||o\\\\||||\||eng\\
=FMT  \\$a  BK
=040  \\$aVaAlCD$beng$cVaAlCD$dUk
=041  \\$aeng
=245  00$aImplementation research on kangaroo mother care, Bangladesh /$cAN M. Ehtesham Kabir, Sharmin Afroze, Zubair Amin, Agnihotri Biswas, Sabina Ashrafee Lipi, Mahbuba Khan, Khaleda Islam, Shamsul Haque, MA K. Azad Choudhury, Mohammod Shahidullah.
=264  \1$a[Switzerland] :$bWorld Health Organization,$c2022.
=300  \\$a1 online resource.
=336  \\$atext$2rdacontent
=337  \\$acomputer$2rdamedia
=338  \\$aonline resource$2rdacarrier
=520  3\$aIn 2014, the committee prevent up to 450 000 preterm deaths each year if near univer- developed the national guideline on kangaroo mother care sal coverage of the practice is achieved.4 Although success of in line with the WHO kangaroo mother care guideline.10 The kangaroo mother care has been widely reported from hospital- national guideline was designed for health-care providers based interventi [...] Care includes keeping mother and baby Programme of the Ministry of Health together (rooming-in) and moving them to dedicated kangaroo mother care space (corner) of facility and Family Welfare.12 We describe the first 4 years of implementation of the kangaroo mother Facility sta provide advice on kangaroo mother care position and nutrition (breastfeeding or care programme in Bangladesh. [...] The de- neonatal mortality.12,13 The target was to doing and facility visits for direct obser- tails of the training and implementation establish kangaroo mother care at 20% vation of kangaroo mother care services. [...] We also monitored A total of 3 615 453 babies were the percentage of babies receiving born in the kangaroo mother care facili- We used quantitative methods to evalu- kangaroo mother care who were: dis- ties during the study period, of whom ate the implementation of the kangaroo charged as per the protocol, discharged 64 426 (1.8%) had birth weight less mother care programme from Janu- on request, [...] In the first quarter of the im- services, number of trained personnel, rectorate General of Health Services for plementation 4.7% (37/792) of eligible number of live births, number of babies analysis of data from the database.
=653  \\$aResearch
=653  \\$aresearch
=700  1\$aEhtesham Kabir, ANM.
=700  1\$aAfroze, Sharmin.
=700  1\$aAmin, Zubair.
=700  1\$aBiswas, Agnihotri.
=700  1\$aLipi, Sabina Ashrafee.
=700  1\$aKhan, Mahbuba.
=700  1\$aIslam, Khaleda.
=700  1\$aHaque, Shamsul.
=700  1\$aAzad Choudhury, MAK.
=700  1\$aShahidullah, Mohammod.
=710  2\$aWorld Health Organization.
=856  4\$uhttps://policycommons.net/artifacts/2195411/implementation-research-on-kangaroo-mother-care-bangladesh/2951752/$yWorld Health Organization document$ahttps://policycommons.net/
=859  \\$aORR$bWorld Health Organization
=884  \\$aLDL ebooks tsv to marcxml transformation using XSLTtest.xsl$g20230321$qUk
=CAT  \\$aBATCH-IGO$b00$c20230402$lBLL01$h2226
=CAT  \\$aBATCH-UPD$b00$c20230402$lBLL01$h2228
=FIN  \\$aY$d20230402
=SRC  \\$aCoherent Digital WHO$bWHOrecords20230329.lex
=LAS  \\$aBATCH-UPD$b00$c20230402$lBLL01$h2228

