=LDR  03678nam a22004453i 4500
=001  021012965
=003  Uk
=005  20230402222602.0
=006  m\\\\||\\d\|\\\\\\
=007  cr\|||||||||||
=008  230321s2022\\\\sz\|||||o\\\\||||\||eng\\
=FMT  \\$a  BK
=040  \\$aVaAlCD$beng$cVaAlCD$dUk
=041  \\$aeng
=245  00$aEuropean Union support for health systems in the pandemic and beyond /$cNicole Mauer, Dimitra Panteli, Nick Fahy, Isabel De La Mata, European Observatory on Health Systems and Policies.
=264  \1$a[Switzerland] :$bWorld Health Organization,$c2022.
=300  \\$a1 online resource.
=336  \\$atext$2rdacontent
=337  \\$acomputer$2rdamedia
=338  \\$aonline resource$2rdacarrier
=520  3\$aThe process of objectives are set and the Multiannual resources towards health systems and change is the series of successive steps Financial Framework (MFF), dictating to weave health objectives into new from the formulation of a policy idea to the allocation of funds to the various tools like the Recovery and Resilience the development of concrete plans for EU programmes, is defined. [...] In this context, the eHealth recovery as the establishment of a new authority, Network, connecting the authorities the Health Emergency Preparedness and responsible for eHealth across Member Response Authority (HERA), to oversee States, contributed to the development of Investment in EU instruments: the coordination of preparedness activities interoperable COVID-19 mobile tracing in the case of fu [...] One of the largest expertise to guide policymakers new instruments is the Recovery and Conclusion and driving various other EU level Resilience Facility - the centrepiece of the The welfare of European health systems mechanisms including the procurement EU's €800 billion response mechanism is increasingly interlinked and connected of medicines and the vaccine rollout. [...] From the early stages of the pandemic, to mitigate the economic and social Complex challenges like climate change, ECDC was monitoring the evolution consequences of COVID-19, and provide zoonotic diseases, mass migration, and spread of disease across Member countries with the financial means to demographic and epidemiologic transitions States, providing publicly accessible data, digitalise, modern [...] European framework for preparedness and Since the rollout of COVID-19 vaccines, For tools like the Cohesion Policy Funds, response to cross-border threats, a crucial ECDC has also been tracking and which have long been used to fund new step moving forward will be to optimise comparing the immunisation progress health infrastructure or training for health the use and complementarity of different ac.
=653  \\$aCOVID-19
=653  \\$acopenhagen
=653  \\$acovid-19
=653  \\$aeuropean union
=653  \\$ahealth systems plans
=700  1\$aMauer, Nicole.
=700  1\$aPanteli, Dimitra.
=700  1\$aFahy, Nick.
=700  1\$aDe La Mata, Isabel.
=710  2\$aWorld Health Organization.
=720  \\$aEuropean Observatory on Health Systems and Policies
=856  4\$uhttps://policycommons.net/artifacts/2198962/european-union-support-for-health-systems-in-the-pandemic-and-beyond/2955321/$yWorld Health Organization document$ahttps://policycommons.net/
=859  \\$aORR$bWorld Health Organization
=884  \\$aLDL ebooks tsv to marcxml transformation using XSLTtest.xsl$g20230321$qUk
=CAT  \\$aBATCH-IGO$b00$c20230402$lBLL01$h2226
=CAT  \\$aBATCH-UPD$b00$c20230402$lBLL01$h2228
=FIN  \\$aY$d20230402
=SRC  \\$aCoherent Digital WHO$bWHOrecords20230329.lex
=LAS  \\$aBATCH-UPD$b00$c20230402$lBLL01$h2228

