=LDR  03654nam a22005173i 4500
=001  021012966
=003  Uk
=005  20230402222602.0
=006  m\\\\||\\d\|\\\\\\
=007  cr\|||||||||||
=008  230321s2022\\\\sz\|||||o\\\\||||\||eng\\
=FMT  \\$a  BK
=040  \\$aVaAlCD$beng$cVaAlCD$dUk
=041  \\$aeng
=245  00$aHuman resources for health during COVID-19: Supporting and protecting health workers /$cGemma A. Williams, Giada Scarpetti, Magrieta Langins, Ingrid Callies, Alexandra Fourcade, Ewout van Ginneken, Claudia B. Maier, European Observatory on Health Systems and Policies.
=264  \1$a[Switzerland] :$bWorld Health Organization,$c2022.
=300  \\$a1 online resource.
=336  \\$atext$2rdacontent
=337  \\$acomputer$2rdamedia
=338  \\$aonline resource$2rdacarrier
=520  3\$aThe up testing facilities in many countries huge shift towards remote consultations in that may be needed in the future to help care areas such as primary care has played support health workers further and help made the provision of PPE and routine. [...] Box 1: WHO support in gathering evidence on mental health and wellbeing  support for health workers Implementing measures to protect the physical health of health workers has In the fall of 2020, WHO/Europe responded to the call of Member States to gather required coordinated governance actions intelligence and experiences across the region on how to support the mental across the health system. [...] These webinars helped shed light on: PPE use in different health and long- 1. the spectrum of practical tools and interventions that have been used across the term care facilities and for different WHO European Region to support the mental health and wellbeing of the health types of health worker. [...] Changes during the sustained period of COVID-19 whereby health professionals can talk to a in regulation have been required in has increased the risk of mental health matched peer and health providers offering some countries, for instance to relax problems and burnout for frontline mindfulness and wellbeing sessions. [...] New, targeted funding psychological disorders, the majority of mental health support, initiatives to has also been needed in many instances.
=520  3\$aMember States have put in place measures manage the work environment, such for example, in Sweden the government during the pandemic to protect the mental as through implementation of breaks, provided SEK 150 million (about health and wellbeing of health work.
=653  \\$aCOVID-19
=653  \\$aHealth Services
=653  \\$acopenhagen
=653  \\$acovid-19
=653  \\$ahealth services
=653  \\$ahealth workforce
=653  \\$aworkforce
=700  1\$aWilliams, Gemma A.
=700  1\$aScarpetti, Giada.
=700  1\$aLangins, Magrieta.
=700  1\$aCallies, Ingrid.
=700  1\$aFourcade, Alexandra.
=700  1\$avan Ginneken, Ewout.
=700  1\$aMaier, Claudia B.
=710  2\$aWorld Health Organization.
=720  \\$aEuropean Observatory on Health Systems and Policies
=856  4\$uhttps://policycommons.net/artifacts/2198965/human-resources-for-health-during-covid-19/2955332/$yWorld Health Organization document$ahttps://policycommons.net/
=859  \\$aORR$bWorld Health Organization
=884  \\$aLDL ebooks tsv to marcxml transformation using XSLTtest.xsl$g20230321$qUk
=CAT  \\$aBATCH-IGO$b00$c20230402$lBLL01$h2226
=CAT  \\$aBATCH-UPD$b00$c20230402$lBLL01$h2228
=FIN  \\$aY$d20230402
=SRC  \\$aCoherent Digital WHO$bWHOrecords20230329.lex
=LAS  \\$aBATCH-UPD$b00$c20230402$lBLL01$h2228

