=LDR  02082nam a22005413i 4500
=001  021012967
=003  Uk
=005  20230402222602.0
=006  m\\\\||\\d\|\\\\\\
=007  cr\|||||||||||
=008  230321s2022\\\\sz\|||||o\\\\||||\||eng\\
=FMT  \\$a  BK
=040  \\$aVaAlCD$beng$cVaAlCD$dUk
=041  \\$aeng
=245  00$aUse of SARS-CoV-2 antigen-detection rapid diagnostic tests for COVID-19 self-testing: interim guidance, 9 March 2022: web annex D: global survey on COVID-19 self-testing using SARS-CoV-2 Ag-RDTs /$cTitus Divala, Melody Sakala, James Chirombo, Rachel Baggaley, Jilian A. Sacks, Cheryl Johnson.
=264  \1$a[Switzerland] :$bWorld Health Organization,$c2022.
=300  \\$a1 online resource.
=336  \\$atext$2rdacontent
=337  \\$acomputer$2rdamedia
=338  \\$aonline resource$2rdacarrier
=653  \\$aCOVID-19
=653  \\$abetacoronavirus
=653  \\$acovid-19
=653  \\$acovid-19 testing
=653  \\$adiagnosis
=653  \\$adiagnostic tests, routine
=653  \\$adisease outbreaks
=653  \\$ageneva
=653  \\$aguidelines as topic
=653  \\$areagent kits, diagnostic
=653  \\$aself-testing
=653  \\$asensitivity and specificity
=653  \\$asurveys and questionnaires
=700  1\$aDivala, Titus.
=700  1\$aSakala, Melody.
=700  1\$aChirombo, James.
=700  1\$aBaggaley, Rachel.
=700  1\$aSacks, Jilian A.
=700  1\$aJohnson, Cheryl.
=710  2\$aWorld Health Organization.
=856  4\$uhttps://policycommons.net/artifacts/2270221/use-of-sars-cov-2-antigen-detection-rapid-diagnostic-tests-for-covid-19-self-testing/3030035/$yWorld Health Organization document$ahttps://policycommons.net/
=859  \\$aORR$bWorld Health Organization
=884  \\$aLDL ebooks tsv to marcxml transformation using XSLTtest.xsl$g20230321$qUk
=CAT  \\$aBATCH-IGO$b00$c20230402$lBLL01$h2226
=CAT  \\$aBATCH-UPD$b00$c20230402$lBLL01$h2228
=FIN  \\$aY$d20230402
=SRC  \\$aCoherent Digital WHO$bWHOrecords20230329.lex
=LAS  \\$aBATCH-UPD$b00$c20230402$lBLL01$h2228

