=LDR  02928nam a22003853i 4500
=001  021012970
=003  Uk
=005  20230402222602.0
=006  m\\\\||\\d\|\\\\\\
=007  cr\|||||||||||
=008  230321s2022\\\\sz\|||||o\\\\||||\||eng\\
=FMT  \\$a  BK
=040  \\$aVaAlCD$beng$cVaAlCD$dUk
=041  \\$aeng
=245  00$aGender and leadership in conflict settings /$cKristen Meagher, Iris Elliott, Preeti Patel.
=264  \1$a[Switzerland] :$bWorld Health Organization,$c2022.
=300  \\$a1 online resource.
=336  \\$atext$2rdacontent
=337  \\$acomputer$2rdamedia
=338  \\$aonline resource$2rdacarrier
=520  3\$aEditorials Gender and leadership in conflict settings Kristen Meagher,a Iris Elliottb &amp.
=520  3\$aPreeti Patelc The Women Leaders in Health and conversations and generating specific gregated data will make visible and Conflict Initiative celebrated the 2021 recommendations that can lead to im- accountable who is failing the mission, International Women's Day by conven- mediate action. [...] Gender Women Leaders in Health and gender equitable leadership in health needs to be embedded in organizational Conflict Initiative research found lim- in conflict-affected settings. [...] Participants internal and external governance met- ited evidence on the role and impact represented civil society organizations, rics with transparent data on systemic of women's leadership at the nexus of United Nations agencies, frontline policies, practices and resources. [...] While mentoring is viewed as an ing the impact of women's leadership on humanitarian sector.1 Participants spoke enjoyable practice, participants noted it humanitarian action such as minimizing of the need to shift away from a boys' is considered invisible labour and is un- risk and better decision-making.1 club culture and from organizational dervalued. [...] Therefore, inclusive and leadership are more likely to succeed women's leadership must be inclusive, supportive working environments are if accountability is embedded within institutionalized and focused on inter- required to assist women's participa- governance systems with clarity about sectionality.5 tion, representation and leadership.
=653  \\$aeditorials
=700  1\$aMeagher, Kristen.
=700  1\$aElliott, Iris.
=700  1\$aPatel, Preeti.
=710  2\$aWorld Health Organization.
=856  4\$uhttps://policycommons.net/artifacts/2195497/gender-and-leadership-in-conflict-settings/2951834/$yWorld Health Organization document$ahttps://policycommons.net/
=859  \\$aORR$bWorld Health Organization
=884  \\$aLDL ebooks tsv to marcxml transformation using XSLTtest.xsl$g20230321$qUk
=CAT  \\$aBATCH-IGO$b00$c20230402$lBLL01$h2226
=CAT  \\$aBATCH-UPD$b00$c20230402$lBLL01$h2228
=FIN  \\$aY$d20230402
=SRC  \\$aCoherent Digital WHO$bWHOrecords20230329.lex
=LAS  \\$aBATCH-UPD$b00$c20230402$lBLL01$h2228

