=LDR  01518nam a22003853i 4500
=001  021012973
=003  Uk
=005  20230402222602.0
=006  m\\\\||\\d\|\\\\\\
=007  cr\|||||||||||
=008  230321s2022\\\\sz\|||||o\\\\||||\||eng\\
=FMT  \\$a  BK
=040  \\$aVaAlCD$beng$cVaAlCD$dUk
=041  \\$aeng
=245  00$aHealth inequity focus in pandemic preparedness and response plans /$cOscar J. Mujica, Christine E. Brown, Cesar G. Victora, Peter O. Goldblatt, Jarbas Barbosa da Silva.
=264  \1$a[Switzerland] :$bWorld Health Organization,$c2022.
=300  \\$a1 online resource.
=336  \\$atext$2rdacontent
=337  \\$acomputer$2rdamedia
=338  \\$aonline resource$2rdacarrier
=653  \\$aeditorials
=700  1\$aMujica, Oscar J.
=700  1\$aBrown, Christine E.
=700  1\$aVictora, Cesar G.
=700  1\$aGoldblatt, Peter O.
=700  1\$aBarbosa da Silva, Jarbas.
=710  2\$aWorld Health Organization.
=856  4\$uhttps://policycommons.net/artifacts/2243045/health-inequity-focus-in-pandemic-preparedness-and-response-plans/3001219/$yWorld Health Organization document$ahttps://policycommons.net/
=859  \\$aORR$bWorld Health Organization
=884  \\$aLDL ebooks tsv to marcxml transformation using XSLTtest.xsl$g20230321$qUk
=CAT  \\$aBATCH-IGO$b00$c20230402$lBLL01$h2226
=CAT  \\$aBATCH-UPD$b00$c20230402$lBLL01$h2228
=FIN  \\$aY$d20230402
=SRC  \\$aCoherent Digital WHO$bWHOrecords20230329.lex
=LAS  \\$aBATCH-UPD$b00$c20230402$lBLL01$h2228

