=LDR  02876nam a22004573i 4500
=001  021012978
=003  Uk
=005  20230402222602.0
=006  m\\\\||\\d\|\\\\\\
=007  cr\|||||||||||
=008  230321s2022\\\\sz\|||||o\\\\||||\||eng\\
=FMT  \\$a  BK
=040  \\$aVaAlCD$beng$cVaAlCD$dUk
=041  \\$aeng
=245  00$aHigh-level meeting on health systems resilience: from disruption to delivering better - strategies to promote health services recovery: a virtual meeting hosted by the WHO Regional Office for Europe, 15 November 2021 /$cWorld Health Organization. Regional Office for Europe.
=264  \1$a[Switzerland] :$bWorld Health Organization,$c2022.
=300  \\$a1 online resource.
=336  \\$atext$2rdacontent
=337  \\$acomputer$2rdamedia
=338  \\$aonline resource$2rdacarrier
=520  3\$aThis high-level meeting addressed health systems resilience and strategies for tackling the backlogs of health services accumulated during the COVID-19 pandemic in the WHO European Region. It also marked the launch of the report Health systems resilience during COVID-19: lessons for building back better. Representatives of Member States and WHO regional offices reported that many essential health services remain disrupted, with long and growing waiting lists. Common interventions in countries include repurposing facilities, recruiting medical staff, improving partnerships between public and private actors, and implementing digital health solutions. The meeting concluded that interventions to rebuild health services should be adapted to specific local health system features, contexts and challenges. Immediate priority actions to address health services transformation and adaptation and health systems recovery throughout the Region should focus on increasing health workforce capacities.
=520  3\$ascaling up digital health interventions.
=520  3\$aand strengthening primary health care structures, primarily for mental health and social care.
=653  \\$aCOVID-19
=653  \\$aEurope
=653  \\$aHealth Services
=653  \\$acopenhagen
=653  \\$acovid-19
=653  \\$aeurope
=653  \\$ahealth services
=653  \\$ahealth systems plans
=710  2\$aWorld Health Organization.
=720  \\$aWorld Health Organization. Regional Office for Europe
=856  4\$uhttps://policycommons.net/artifacts/2221752/high-level-meeting-on-health-systems-resilience/2978787/$yWorld Health Organization document$ahttps://policycommons.net/
=859  \\$aORR$bWorld Health Organization
=884  \\$aLDL ebooks tsv to marcxml transformation using XSLTtest.xsl$g20230321$qUk
=CAT  \\$aBATCH-IGO$b00$c20230402$lBLL01$h2226
=CAT  \\$aBATCH-UPD$b00$c20230402$lBLL01$h2228
=FIN  \\$aY$d20230402
=SRC  \\$aCoherent Digital WHO$bWHOrecords20230329.lex
=LAS  \\$aBATCH-UPD$b00$c20230402$lBLL01$h2228

