=LDR  03537nam a22005173i 4500
=001  021012980
=003  Uk
=005  20230402222602.0
=006  m\\\\||\\d\|\\\\\\
=007  cr\|||||||||||
=008  230321s2022\\\\sz\|||||o\\\\||||\||eng\\
=FMT  \\$a  BK
=040  \\$aVaAlCD$beng$cVaAlCD$dUk
=041  \\$aeng
=245  00$aCrossing the border for health care: adding value for patients and health systems /$cMatthias Wismar, Robert Touret, Jonathan Clottes, Gabrielle Dubois, Apolline Damez-Fontaine, Vincent Rouvet, Ewout van Ginneken, European Observatory on Health Systems and Policies.
=264  \1$a[Switzerland] :$bWorld Health Organization,$c2022.
=300  \\$a1 online resource.
=336  \\$atext$2rdacontent
=337  \\$acomputer$2rdamedia
=338  \\$aonline resource$2rdacarrier
=520  3\$aTherefore, the predecessor or the regulation on the coordination budgets appears marginal estimated at of social security systems, Regulation of the Council Number 3 on social security only 0.004% of the EU-wide annual health of cross-border workers, came into force almost in parallel with the creation of the care budget. [...] EU Member State can use the EHIC to obtain health care in the country of work, though their employer needs to request a The number of patients using cross- Switzerland, from Austria to Germany, form prior to the posting as a statement border health care is currently small from Luxembourg to Belgium, and from of the applicable legislation. [...] Moreover, some of the Figure 1 bilateral agreements for cross-border It increases the option to receive provides an overview on the budgetary impact of cross-border health care under health care do not routinely report planned care abroad the regulation, which amounts to 0.4% of their data. [...] The findings show that most activity - guaranteeing continuity of care and faster recourse to emergency assistance During the first wave of the pandemic in takes place in central and western Europe the spring of 2020, within a two month between countries, particularly those - optimising the organisation of the period, almost 300 European COVID-19 with similar welfare traditions (e.g. [...] Indeed, allow, at the regional level, the directors of the Regional Health the Grand-Est region was very strongly affected at the Agencies (Agences Régionales de santé, ARS) to sign local beginning of the crisis in March 2020.
=653  \\$aCOVID-19
=653  \\$aHealth Services
=653  \\$aPatients
=653  \\$acopenhagen
=653  \\$acovid-19
=653  \\$ahealth services
=653  \\$ahealth systems plans
=653  \\$apatients
=700  1\$aWismar, Matthias.
=700  1\$aTouret, Robert.
=700  1\$aClottes, Jonathan.
=700  1\$aDubois, Gabrielle.
=700  1\$aDamez-Fontaine, Apolline.
=700  1\$aRouvet, Vincent.
=700  1\$avan Ginneken, Ewout.
=710  2\$aWorld Health Organization.
=720  \\$aEuropean Observatory on Health Systems and Policies
=856  4\$uhttps://policycommons.net/artifacts/2198983/crossing-the-border-for-health-care/2955341/$yWorld Health Organization document$ahttps://policycommons.net/
=859  \\$aORR$bWorld Health Organization
=884  \\$aLDL ebooks tsv to marcxml transformation using XSLTtest.xsl$g20230321$qUk
=CAT  \\$aBATCH-IGO$b00$c20230402$lBLL01$h2226
=CAT  \\$aBATCH-UPD$b00$c20230402$lBLL01$h2228
=FIN  \\$aY$d20230402
=SRC  \\$aCoherent Digital WHO$bWHOrecords20230329.lex
=LAS  \\$aBATCH-UPD$b00$c20230402$lBLL01$h2228

