=LDR  02731nam a22004333i 4500
=001  021012981
=003  Uk
=005  20230402222602.0
=006  m\\\\||\\d\|\\\\\\
=007  cr\|||||||||||
=008  230321s2022\\\\sz\|||||o\\\\||||\||eng\\
=FMT  \\$a  BK
=040  \\$aVaAlCD$beng$cVaAlCD$dUk
=041  \\$aeng
=245  04$aThe European Health Report 2021. Taking stock of the health-related Sustainable Development Goals in the COVID-19 era with a focus on leaving no one behind /$cWorld Health Organization. Regional Office for Europe.
=264  \1$a[Switzerland] :$bWorld Health Organization,$c2022.
=300  \\$a1 online resource.
=336  \\$atext$2rdacontent
=337  \\$acomputer$2rdamedia
=338  \\$aonline resource$2rdacarrier
=520  3\$aThe European Health Report is produced every three years as a flagship publication by the WHO Regional Office for Europe. The aims of the 2021 edition are to provide insight into Regional progress towards the health-related Sustainable Development Goals and the effects of the COVID-19 pandemic on population health, thereby focusing on health inequalities and how the pandemic is affecting these. In addition, the report describes how the Regional Office, through implementation of the European Programme of Work 2020-2025, aims to support Member States in tackling the major challenges in the Region and building back better after the pandemic. As strong health information systems will be an important prerequisite for these endeavours, the report describes how WHO will support all Member States in tackling the main gaps in data and information that are currently hampering the evidence-informed implementation of the European Programme of Work, WHO's global Thirteenth General Programme of Work 2019-2023 and the Sustainable Development Goals.
=653  \\$aHealth Policy
=653  \\$aSustainable development
=653  \\$acopenhagen
=653  \\$ahealthcare disparities
=653  \\$ahealth inequities
=653  \\$ahealth policy
=653  \\$apopulation health
=653  \\$asustainable development
=710  2\$aWorld Health Organization.
=720  \\$aWorld Health Organization. Regional Office for Europe
=856  4\$uhttps://policycommons.net/artifacts/2270994/the-european-health-report-2021/3030805/$yWorld Health Organization document$ahttps://policycommons.net/
=859  \\$aORR$bWorld Health Organization
=884  \\$aLDL ebooks tsv to marcxml transformation using XSLTtest.xsl$g20230321$qUk
=CAT  \\$aBATCH-IGO$b00$c20230402$lBLL01$h2226
=CAT  \\$aBATCH-UPD$b00$c20230402$lBLL01$h2228
=FIN  \\$aY$d20230402
=SRC  \\$aCoherent Digital WHO$bWHOrecords20230329.lex
=LAS  \\$aBATCH-UPD$b00$c20230402$lBLL01$h2228

