=LDR  03328nam a22004333i 4500
=001  021012982
=003  Uk
=005  20230402222602.0
=006  m\\\\||\\d\|\\\\\\
=007  cr\|||||||||||
=008  230321s2022\\\\sz\|||||o\\\\||||\||eng\\
=FMT  \\$a  BK
=040  \\$aVaAlCD$beng$cVaAlCD$dUk
=041  \\$aeng
=245  00$aCOVID-19 situation report for the Western Pacific Region 2022 /$cWorld Health Organization. Regional Office for the Western Pacific.
=264  \1$a[Switzerland] :$bWorld Health Organization,$c2022.
=300  \\$a1 online resource.
=336  \\$atext$2rdacontent
=337  \\$acomputer$2rdamedia
=338  \\$aonline resource$2rdacarrier
=520  3\$aRecent daily new cases in five regions are increasing, with a sharp increasing trend in cases in the Region of the Americas, South-East Asia Region, European Region and Eastern Mediterranean Region, and a stabilization of cases in the African Region. [...] Figure 1. Countries or areas with reported confirmed cases of COVID-19, covering the period from 5 to 11 January 2022, as of 12 January 2022 10:00 (GMT+8) 1 0-No cases: no cases detected and no clear signals of transmission for at least 28 days (or two incubation periods).
=520  3\$a1- Imported cases: cases reported in the past 28 days are imported or linked to importation within 3 generations, and there ar [...] External Situation Report #87 12 January 2022 Period of Report: 5 to 11 January 2022, as of 12 January 2022, 10:00 (GMT+8) Figure 2. Epidemic curve of confirmed COVID-19 cases in countries or areas with the highest number of cases, as of 12 January 2022 10:00 (GMT+8) Figure 3. Epidemic curve of confirmed COVID-19 cases in countries or areas with the lowest number of cases, as of 12 January 2022 10 [...] External Situation Report #87 12 January 2022 Period of Report: 5 to 11 January 2022, as of 12 January 2022, 10:00 (GMT+8) Table 1. Countries or areas with reported laboratory-confirmed COVID-19 cases and deaths, covering the period from 5 to 11 January 2022, as of 12 January 2022 10:00 (GMT+8) (n = 12 513 014) New cases New deaths Change in 7-day Days since last Country or area (cumulative) (cumu [...] Period of Report: 5 to 11 January 2022, as of 12 January 2022, 10:00 (GMT+8) Table 2. Countries or areas in the Western Pacific Region that have reported variants of concern, as of 12 January 2022 10:00 (GMT+8) Variant detected Country or area B.1.1.7.
=653  \\$aCOVID-19
=653  \\$abetacoronavirus
=653  \\$acoronavirus infections
=653  \\$acovid-19
=653  \\$adisease outbreaks
=653  \\$ainfection control
=653  \\$amanila
=710  2\$aWorld Health Organization.
=720  \\$aWorld Health Organization. Regional Office for the Western Pacific
=856  4\$uhttps://policycommons.net/artifacts/2197478/covid-19-situation-report-for-the-western-pacific-region-2022/2953841/$yWorld Health Organization document$ahttps://policycommons.net/
=859  \\$aORR$bWorld Health Organization
=884  \\$aLDL ebooks tsv to marcxml transformation using XSLTtest.xsl$g20230321$qUk
=CAT  \\$aBATCH-IGO$b00$c20230402$lBLL01$h2226
=CAT  \\$aBATCH-UPD$b00$c20230402$lBLL01$h2228
=FIN  \\$aY$d20230402
=SRC  \\$aCoherent Digital WHO$bWHOrecords20230329.lex
=LAS  \\$aBATCH-UPD$b00$c20230402$lBLL01$h2228

