=LDR  01669nam a22004693i 4500
=001  021012987
=003  Uk
=005  20230402222602.0
=006  m\\\\||\\d\|\\\\\\
=007  cr\|||||||||||
=008  230321s2022\\\\sz\|||||o\\\\||||\||eng\\
=FMT  \\$a  BK
=040  \\$aVaAlCD$beng$cVaAlCD$dUk
=041  \\$aeng
=245  00$aContact tracing and quarantine in the context of the Omicron SARS-CoV-2 variant: interim guidance, 17 February 2022 /$cWorld Health Organization.
=264  \1$a[Switzerland] :$bWorld Health Organization,$c2022.
=300  \\$a1 online resource.
=336  \\$atext$2rdacontent
=337  \\$acomputer$2rdamedia
=338  \\$aonline resource$2rdacarrier
=520  3\$a0.875.
=653  \\$aCOVID-19
=653  \\$aEpidemics
=653  \\$aQuarantine
=653  \\$abetacoronavirus
=653  \\$acontact tracing
=653  \\$acovid-19
=653  \\$adisease outbreaks
=653  \\$ageneva
=653  \\$aguideline
=653  \\$apandemics
=653  \\$aquarantine
=710  2\$aWorld Health Organization.
=720  \\$aWorld Health Organization
=856  4\$uhttps://policycommons.net/artifacts/2250886/contact-tracing-and-quarantine-in-the-context-of-the-omicron-sars-cov-2-variant/3009582/$yWorld Health Organization document$ahttps://policycommons.net/
=859  \\$aORR$bWorld Health Organization
=884  \\$aLDL ebooks tsv to marcxml transformation using XSLTtest.xsl$g20230321$qUk
=CAT  \\$aBATCH-IGO$b00$c20230402$lBLL01$h2226
=CAT  \\$aBATCH-UPD$b00$c20230402$lBLL01$h2228
=FIN  \\$aY$d20230402
=SRC  \\$aCoherent Digital WHO$bWHOrecords20230329.lex
=LAS  \\$aBATCH-UPD$b00$c20230402$lBLL01$h2228

