=LDR  03420nam a22005533i 4500
=001  021012990
=003  Uk
=005  20230402222602.0
=006  m\\\\||\\d\|\\\\\\
=007  cr\|||||||||||
=008  230321s2022\\\\sz\|||||o\\\\||||\||eng\\
=FMT  \\$a  BK
=040  \\$aVaAlCD$beng$cVaAlCD$dUk
=041  \\$aeng
=245  00$aWhat is the evidence on existing national policies and guidelines for delivering effective tuberculosis, HIV and viral hepatitis services for refugees and migrants among Member States of the WHO European Region? /$cNazareth Joshua, F. Baggaley Rebecca, Divall Pip, Pan Daniel, A. Martin Christopher, Volik Mikhail, B. Nellums Laura, Pareek Manish.
=264  \1$a[Switzerland] :$bWorld Health Organization,$c2022.
=300  \\$a1 online resource.
=336  \\$atext$2rdacontent
=337  \\$acomputer$2rdamedia
=338  \\$aonline resource$2rdacarrier
=520  3\$aThe WHO Regional Office for Europe has developed several action plans to deliver effective tuberculosis (‎TB)‎-, viral hepatitis- and HIV-related services for refugees and migrants within the WHO European Region. This report examines the available evidence on existing national policies and guidelines for delivering effective TB-, viral hepatitis- and HIV-related services for refugees and migrants in Member States of the WHO European Region.The review highlighted extreme heterogeneity between countries in the Region in the availability of relevant national guidelines and recommendations and in implementation of these documents. In the 53 Member States of the WHO European Region, only 15 primary policy/guideline documents relating to migrants and viral hepatitis, HIV or TB were identified. The promotion in Member States of policies advocated by WHO and the European Centre for Disease Prevention and Control requires an understanding of the macro-level barriers to implementation. Furthermore, the design of national programmes needs to take account of barriers at the micro (‎individual)‎ and meso (‎community)‎ levels to uptake by migrant populations and to the adoption of policies by health-care practitioners.
=653  \\$aEurope
=653  \\$aHepatitis
=653  \\$aRefugees
=653  \\$aTuberculosis
=653  \\$acopenhagen
=653  \\$aeurope
=653  \\$ahepatitis
=653  \\$ahiv
=653  \\$apolicy
=653  \\$arefugees
=653  \\$atuberculosis
=700  1\$aNazareth Joshua.
=700  1\$aF Baggaley Rebecca.
=700  1\$aDivall Pip.
=700  1\$aPan Daniel.
=700  1\$aA Martin Christopher.
=700  1\$aVolik Mikhail.
=700  1\$aB Nellums Laura.
=700  1\$aPareek Manish.
=710  2\$aWorld Health Organization.
=856  4\$uhttps://policycommons.net/artifacts/2258469/what-is-the-evidence-on-existing-national-policies-and-guidelines-for-delivering-effective-tuberculosis-hiv-and-viral-hepatitis-services-for-refugees-and-migrants-among-member-states-of-the-who-european-region/3017154/$yWorld Health Organization document$ahttps://policycommons.net/
=859  \\$aORR$bWorld Health Organization
=884  \\$aLDL ebooks tsv to marcxml transformation using XSLTtest.xsl$g20230321$qUk
=CAT  \\$aBATCH-IGO$b00$c20230402$lBLL01$h2226
=CAT  \\$aBATCH-UPD$b00$c20230402$lBLL01$h2228
=FIN  \\$aY$d20230402
=SRC  \\$aCoherent Digital WHO$bWHOrecords20230329.lex
=LAS  \\$aBATCH-UPD$b00$c20230402$lBLL01$h2228

