=LDR  01545nam a22003973i 4500
=001  021012996
=003  Uk
=005  20230402222602.0
=006  m\\\\||\\d\|\\\\\\
=007  cr\|||||||||||
=008  230321s2022\\\\sz\|||||o\\\\||||\||eng\\
=FMT  \\$a  BK
=040  \\$aVaAlCD$beng$cVaAlCD$dUk
=041  \\$aeng
=245  02$aA guide to world food safety day 2022: safer food, better health /$cWorld Health Organization, Food and Agriculture Organization of the United Nations.
=264  \1$a[Switzerland] :$bWorld Health Organization,$c2022.
=300  \\$a1 online resource.
=336  \\$atext$2rdacontent
=337  \\$acomputer$2rdamedia
=338  \\$aonline resource$2rdacarrier
=653  \\$aSustainable development
=653  \\$afoodborne diseases
=653  \\$afood safety
=653  \\$ageneva
=653  \\$asustainable development
=710  2\$aWorld Health Organization.
=720  \\$aWorld Health Organization
=720  \\$aFood and Agriculture Organization of the United Nations
=856  4\$uhttps://policycommons.net/artifacts/2266875/a-guide-to-world-food-safety-day-2022/3026544/$yWorld Health Organization document$ahttps://policycommons.net/
=859  \\$aORR$bWorld Health Organization
=884  \\$aLDL ebooks tsv to marcxml transformation using XSLTtest.xsl$g20230321$qUk
=CAT  \\$aBATCH-IGO$b00$c20230402$lBLL01$h2226
=CAT  \\$aBATCH-UPD$b00$c20230402$lBLL01$h2228
=FIN  \\$aY$d20230402
=SRC  \\$aCoherent Digital WHO$bWHOrecords20230329.lex
=LAS  \\$aBATCH-UPD$b00$c20230402$lBLL01$h2228

