=LDR  01679nam a22003973i 4500
=001  021012999
=003  Uk
=005  20230402222602.0
=006  m\\\\||\\d\|\\\\\\
=007  cr\|||||||||||
=008  230321s2022\\\\sz\|||||o\\\\||||\||eng\\
=FMT  \\$a  BK
=040  \\$aVaAlCD$beng$cVaAlCD$dUk
=041  \\$aeng
=245  00$aHuman papillomavirus (‎HPV)‎ nucleic acid amplification tests (‎NAATs)‎ to screen for cervical pre-cancer lesions and prevent cervical cancer: policy brief /$cWorld Health Organization.
=264  \1$a[Switzerland] :$bWorld Health Organization,$c2022.
=300  \\$a1 online resource.
=336  \\$atext$2rdacontent
=337  \\$acomputer$2rdamedia
=338  \\$aonline resource$2rdacarrier
=653  \\$adiagnosis
=653  \\$adiagnostic techniques and procedures
=653  \\$aearly detection of cancer
=653  \\$ageneva
=653  \\$ahuman papillomavirus dna tests
=653  \\$auterine cervical neoplasms
=710  2\$aWorld Health Organization.
=720  \\$aWorld Health Organization
=856  4\$uhttps://policycommons.net/artifacts/2276722/human-papillomavirus-hpv-nucleic-acid-amplification-tests-naats-to-screen-for-cervical-pre-cancer-lesions-and-prevent-cervical-cancer/3036692/$yWorld Health Organization document$ahttps://policycommons.net/
=859  \\$aORR$bWorld Health Organization
=884  \\$aLDL ebooks tsv to marcxml transformation using XSLTtest.xsl$g20230321$qUk
=CAT  \\$aBATCH-IGO$b00$c20230402$lBLL01$h2226
=CAT  \\$aBATCH-UPD$b00$c20230402$lBLL01$h2228
=FIN  \\$aY$d20230402
=SRC  \\$aCoherent Digital WHO$bWHOrecords20230329.lex
=LAS  \\$aBATCH-UPD$b00$c20230402$lBLL01$h2228

