=LDR  02602nam a22004213i 4500
=001  021013001
=003  Uk
=005  20230402222602.0
=006  m\\\\||\\d\|\\\\\\
=007  cr\|||||||||||
=008  230321s2022\\\\sz\|||||o\\\\||||\||eng\\
=FMT  \\$a  BK
=040  \\$aVaAlCD$beng$cVaAlCD$dUk
=041  \\$aeng
=245  00$aNurse workforce sustainability in small countries: monitoring mobility, managing retention. Policy brief /$cWorld Health Organization. Regional Office for Europe.
=264  \1$a[Switzerland] :$bWorld Health Organization,$c2022.
=300  \\$a1 online resource.
=336  \\$atext$2rdacontent
=337  \\$acomputer$2rdamedia
=338  \\$aonline resource$2rdacarrier
=520  3\$aThis brief has been written for policy-makers, managers and nurses. Its objectives are to examine the interrelated issues of monitoring the mobility of nurses and managing nurse retention, which have emerged as issues from the WHO Europe Small Countries Initiative Human Resources for Health Working Group. The brief was prepared in 2020 against a backdrop of the COVID-19 pandemic. It draws on the latest evidence on retention and mobility of nurses to provide a policy framework and suggested monitoring tools, while also reflecting that COVID-19 places unprecedented pressures on the nursing workforce and will have an impact on patterns of retention and mobility. The key messages are that small states face the same complexity of nurse workforce challenges, the same issues of dealing with the COVID-19 pandemic and the same range of potential solutions as other countries, but have to ensure that the bundles of policy interventions they identify, implement and evaluate are relevant to their own unique labour-market situations.
=653  \\$aNursing
=653  \\$acopenhagen
=653  \\$anursing
=653  \\$anursing staff
=653  \\$apolicy
=653  \\$apolicy making
=653  \\$aretention in care
=710  2\$aWorld Health Organization.
=720  \\$aWorld Health Organization. Regional Office for Europe
=856  4\$uhttps://policycommons.net/artifacts/2235018/nurse-workforce-sustainability-in-small-countries/2992951/$yWorld Health Organization document$ahttps://policycommons.net/
=859  \\$aORR$bWorld Health Organization
=884  \\$aLDL ebooks tsv to marcxml transformation using XSLTtest.xsl$g20230321$qUk
=CAT  \\$aBATCH-IGO$b00$c20230402$lBLL01$h2226
=CAT  \\$aBATCH-UPD$b00$c20230402$lBLL01$h2228
=FIN  \\$aY$d20230402
=SRC  \\$aCoherent Digital WHO$bWHOrecords20230329.lex
=LAS  \\$aBATCH-UPD$b00$c20230402$lBLL01$h2228

