=LDR  02649nam a22004333i 4500
=001  021013009
=003  Uk
=005  20230402222602.0
=006  m\\\\||\\d\|\\\\\\
=007  cr\|||||||||||
=008  230321s2022\\\\sz\|||||o\\\\||||\||eng\\
=FMT  \\$a  BK
=040  \\$aVaAlCD$beng$cVaAlCD$dUk
=041  \\$aeng
=245  00$aConsultation on the global health sector strategies on HIV, viral hepatitis and sexually transmitted infections (‎STIs)‎, 2022-2030: virtual meeting report: Copenhagen, Denmark and online 16-17 July 2021 /$cWorld Health Organization. Regional Office for Europe.
=264  \1$a[Switzerland] :$bWorld Health Organization,$c2022.
=300  \\$a1 online resource.
=336  \\$atext$2rdacontent
=337  \\$acomputer$2rdamedia
=338  \\$aonline resource$2rdacarrier
=520  3\$aThe three global health sector strategies (‎GHSSs)‎ on HIV, viral hepatitis and sexually transmitted infections (‎STIs)‎ are due to end in 2021. The action plans for the health sector response to HIV and viral hepatitis in the WHO European Region reach their terminal date in the same year and will be assessed and reported to the WHO Regional Committee for Europe in 2022. To inform the development of the new GHSSs, the Department of Global HIV, Viral Hepatitis and Sexually Transmitted Infections Programmes conducted a series of briefings and consultations. These included a virtual consultation for the WHO European Region, which was extended to encompass the proposed European regional action plans for HIV, viral hepatitis and STIs. This report presents the summarized proceedings and feedback from the consultation.
=653  \\$aHealth Policy
=653  \\$aSexually Transmitted Diseases
=653  \\$acopenhagen
=653  \\$aglobal health
=653  \\$ahealth policy
=653  \\$ahiv
=653  \\$asexually transmitted diseases
=653  \\$astrategic planning
=710  2\$aWorld Health Organization.
=720  \\$aWorld Health Organization. Regional Office for Europe
=856  4\$uhttps://policycommons.net/artifacts/2198977/consultation-on-the-global-health-sector-strategies-on-hiv-viral-hepatitis-and-sexually-transmitted-infections-stis-2022-2030/2955344/$yWorld Health Organization document$ahttps://policycommons.net/
=859  \\$aORR$bWorld Health Organization
=884  \\$aLDL ebooks tsv to marcxml transformation using XSLTtest.xsl$g20230321$qUk
=CAT  \\$aBATCH-IGO$b00$c20230402$lBLL01$h2226
=CAT  \\$aBATCH-UPD$b00$c20230402$lBLL01$h2228
=FIN  \\$aY$d20230402
=SRC  \\$aCoherent Digital WHO$bWHOrecords20230329.lex
=LAS  \\$aBATCH-UPD$b00$c20230402$lBLL01$h2228

