=LDR  01881nam a22004093i 4500
=001  021013013
=003  Uk
=005  20230402222602.0
=006  m\\\\||\\d\|\\\\\\
=007  cr\|||||||||||
=008  230321s2022\\\\sz\|||||o\\\\||||\||eng\\
=FMT  \\$a  BK
=040  \\$aVaAlCD$beng$cVaAlCD$dUk
=041  \\$aeng
=245  00$aMessage from Dr Ahmed Al-Mandhari Regional Director WHO Eastern Mediterranean Region on the International Women's Day 2022 'gender equality today for a sustainable tomorrow', Cairo, Egypt, 8 March 2021 /$cWorld Health Organization. Regional Office for the Eastern Mediterranean.
=264  \1$a[Switzerland] :$bWorld Health Organization,$c2022.
=300  \\$a1 online resource.
=336  \\$atext$2rdacontent
=337  \\$acomputer$2rdamedia
=338  \\$aonline resource$2rdacarrier
=653  \\$aWomen's Health
=653  \\$acairo
=653  \\$agender equity
=653  \\$aglobal health
=653  \\$amaternal, reproductive and child health
=653  \\$awomen's health
=653  \\$aworld health organization
=710  2\$aWorld Health Organization.
=720  \\$aWorld Health Organization. Regional Office for the Eastern Mediterranean
=856  4\$uhttps://policycommons.net/artifacts/2273890/message-from-dr-ahmed-al-mandhari-regional-director-who-eastern-mediterranean-region-on-the-international-womens-day-2022-gender-equality-today-for-a-sustainable-tomorrow-cairo-egypt-8-march-2021/3033755/$yWorld Health Organization document$ahttps://policycommons.net/
=859  \\$aORR$bWorld Health Organization
=884  \\$aLDL ebooks tsv to marcxml transformation using XSLTtest.xsl$g20230321$qUk
=CAT  \\$aBATCH-IGO$b00$c20230402$lBLL01$h2226
=CAT  \\$aBATCH-UPD$b00$c20230402$lBLL01$h2228
=FIN  \\$aY$d20230402
=SRC  \\$aCoherent Digital WHO$bWHOrecords20230329.lex
=LAS  \\$aBATCH-UPD$b00$c20230402$lBLL01$h2228

