=LDR  01473nam a22003853i 4500
=001  021013017
=003  Uk
=005  20230402222602.0
=006  m\\\\||\\d\|\\\\\\
=007  cr\|||||||||||
=008  230321s2022\\\\sz\|||||o\\\\||||\||eng\\
=FMT  \\$a  BK
=040  \\$aVaAlCD$beng$cVaAlCD$dUk
=041  \\$aeng
=245  00$aMonthly Bulletin - COVID-19 vaccination in the African Region: Issue No. 01 /$cWorld Health Organization. Regional Office for Africa.
=264  \1$a[Switzerland] :$bWorld Health Organization,$c2022.
=300  \\$a1 online resource.
=336  \\$atext$2rdacontent
=337  \\$acomputer$2rdamedia
=338  \\$aonline resource$2rdacarrier
=653  \\$aCOVID-19
=653  \\$aVaccination
=653  \\$abrazzaville
=653  \\$acovid-19
=653  \\$avaccination
=710  2\$aWorld Health Organization.
=720  \\$aWorld Health Organization. Regional Office for Africa
=856  4\$uhttps://policycommons.net/artifacts/2269113/monthly-bulletin-covid-19-vaccination-in-the-african-region/3028926/$yWorld Health Organization document$ahttps://policycommons.net/
=859  \\$aORR$bWorld Health Organization
=884  \\$aLDL ebooks tsv to marcxml transformation using XSLTtest.xsl$g20230321$qUk
=CAT  \\$aBATCH-IGO$b00$c20230402$lBLL01$h2226
=CAT  \\$aBATCH-UPD$b00$c20230402$lBLL01$h2228
=FIN  \\$aY$d20230402
=SRC  \\$aCoherent Digital WHO$bWHOrecords20230329.lex
=LAS  \\$aBATCH-UPD$b00$c20230402$lBLL01$h2228

