=LDR  01643nam a22004453i 4500
=001  021013020
=003  Uk
=005  20230402222602.0
=006  m\\\\||\\d\|\\\\\\
=007  cr\|||||||||||
=008  230321s2022\\\\sz\|||||o\\\\||||\||eng\\
=FMT  \\$a  BK
=040  \\$aVaAlCD$beng$cVaAlCD$dUk
=041  \\$aeng
=245  00$aBe [email protected], be mobile: a handbook on how to implement mSafeListening /$cWorld Health Organization, International Telecommunication Union.
=264  \1$a[Switzerland] :$bWorld Health Organization,$c2022.
=300  \\$a1 online resource.
=336  \\$atext$2rdacontent
=337  \\$acomputer$2rdamedia
=338  \\$aonline resource$2rdacarrier
=653  \\$adelivery of health care
=653  \\$adigital technology
=653  \\$ageneva
=653  \\$ahandbook
=653  \\$ahearing loss
=653  \\$ahearing loss, noise-induced
=653  \\$aprevention and control
=653  \\$atelemedicine
=653  \\$atext messaging
=710  2\$aWorld Health Organization.
=720  \\$aWorld Health Organization
=720  \\$aInternational Telecommunication Union
=856  4\$uhttps://policycommons.net/artifacts/2266520/be-email-protected-be-mobile/3026190/$yWorld Health Organization document$ahttps://policycommons.net/
=859  \\$aORR$bWorld Health Organization
=884  \\$aLDL ebooks tsv to marcxml transformation using XSLTtest.xsl$g20230321$qUk
=CAT  \\$aBATCH-IGO$b00$c20230402$lBLL01$h2226
=CAT  \\$aBATCH-UPD$b00$c20230402$lBLL01$h2228
=FIN  \\$aY$d20230402
=SRC  \\$aCoherent Digital WHO$bWHOrecords20230329.lex
=LAS  \\$aBATCH-UPD$b00$c20230402$lBLL01$h2228

