=LDR  01976nam a22004093i 4500
=001  021013021
=003  Uk
=005  20230402222602.0
=006  m\\\\||\\d\|\\\\\\
=007  cr\|||||||||||
=008  230321s2022\\\\sz\|||||o\\\\||||\||eng\\
=FMT  \\$a  BK
=040  \\$aVaAlCD$beng$cVaAlCD$dUk
=041  \\$aeng
=245  00$aVaccine crisis communication manual: step-by-step guidance for national immunization programmes /$cWorld Health Organization. Regional Office for Europe.
=264  \1$a[Switzerland] :$bWorld Health Organization,$c2022.
=300  \\$a1 online resource.
=336  \\$atext$2rdacontent
=337  \\$acomputer$2rdamedia
=338  \\$aonline resource$2rdacarrier
=520  3\$aThis manual was developed to support countries in effectively responding to events which may erode the public's trust in vaccines and the authorities that deliver them. In addition, a small section of this manual focuses on how to best prepare for a potential crisis and provides some insights into conducting post-crisis assessments. For the response phase, step-by-step guidance is provided on how to manage the communication aspects of a vaccine crisis.
=653  \\$aVaccines
=653  \\$acommunication
=653  \\$acopenhagen
=653  \\$aemergencies
=653  \\$atraining support
=653  \\$avaccines
=710  2\$aWorld Health Organization.
=720  \\$aWorld Health Organization. Regional Office for Europe
=856  4\$uhttps://policycommons.net/artifacts/2258464/vaccine-crisis-communication-manual/3017151/$yWorld Health Organization document$ahttps://policycommons.net/
=859  \\$aORR$bWorld Health Organization
=884  \\$aLDL ebooks tsv to marcxml transformation using XSLTtest.xsl$g20230321$qUk
=CAT  \\$aBATCH-IGO$b00$c20230402$lBLL01$h2226
=CAT  \\$aBATCH-UPD$b00$c20230402$lBLL01$h2228
=FIN  \\$aY$d20230402
=SRC  \\$aCoherent Digital WHO$bWHOrecords20230329.lex
=LAS  \\$aBATCH-UPD$b00$c20230402$lBLL01$h2228

