=LDR  02623nam a22004933i 4500
=001  021013022
=003  Uk
=005  20230402222602.0
=006  m\\\\||\\d\|\\\\\\
=007  cr\|||||||||||
=008  230321s2022\\\\sz\|||||o\\\\||||\||eng\\
=FMT  \\$a  BK
=040  \\$aVaAlCD$beng$cVaAlCD$dUk
=041  \\$aeng
=245  00$aEVIPNet evidence brief for policy: tackling antimicrobial resistance in primary health care through promoting the appropriate use of antibiotics in Estonia /$cKalda R, Kiisk E, Köhler K, Laisaar K-T, Oona M, Susi K.
=264  \1$a[Switzerland] :$bWorld Health Organization,$c2022.
=300  \\$a1 online resource.
=336  \\$atext$2rdacontent
=337  \\$acomputer$2rdamedia
=338  \\$aonline resource$2rdacarrier
=520  3\$aThis report is the second evidence brief for policy produced in Estonia within the framework of the WHO European Evidence-informedPolicy Network. It was prepared by the Public Health Institute of University of Tartu in collaboration with the Ministry of Social Affairsof Estonia and WHO Country Office in Estonia. The working group identified, selected, appraised, and synthesized relevant researchevidence on the problem, three options for tackling it and considerations in implementing them. The three options are: (‎1)‎ Strengthening post-graduate education and continuing the education of primary care clinicians about the appropriate use of antibiotics and antimicrobial resistance (‎AMR)‎.
=520  3\$a(‎2)‎ Providing clinical decision support to PHCP (‎primary health care providers)‎ for the prudent use of antibiotics.
=520  3\$aand (‎3)‎ Using audit and feedback to improve prescribing behaviour.
=653  \\$aEstonia
=653  \\$acopenhagen
=653  \\$adrug resistance
=653  \\$adrug resistance, microbial
=653  \\$aestonia
=653  \\$auniversal health care
=700  1\$aKalda R.
=700  1\$aKiisk E.
=700  1\$aKöhler K.
=700  1\$aLaisaar K-T.
=700  1\$aOona M.
=700  1\$aSusi K.
=710  2\$aWorld Health Organization.
=856  4\$uhttps://policycommons.net/artifacts/2233425/evipnet-evidence-brief-for-policy/2991350/$yWorld Health Organization document$ahttps://policycommons.net/
=859  \\$aORR$bWorld Health Organization
=884  \\$aLDL ebooks tsv to marcxml transformation using XSLTtest.xsl$g20230321$qUk
=CAT  \\$aBATCH-IGO$b00$c20230402$lBLL01$h2226
=CAT  \\$aBATCH-UPD$b00$c20230402$lBLL01$h2228
=FIN  \\$aY$d20230402
=SRC  \\$aCoherent Digital WHO$bWHOrecords20230329.lex
=LAS  \\$aBATCH-UPD$b00$c20230402$lBLL01$h2228

