=LDR  02597nam a22004453i 4500
=001  021013023
=003  Uk
=005  20230402222602.0
=006  m\\\\||\\d\|\\\\\\
=007  cr\|||||||||||
=008  230321s2022\\\\sz\|||||o\\\\||||\||eng\\
=FMT  \\$a  BK
=040  \\$aVaAlCD$beng$cVaAlCD$dUk
=041  \\$aeng
=245  00$aOne hundred million cases in one hundred week: working towards better COVID-19 outcomes in the WHO European Region /$cWorld Health Organization. Regional Office for Europe.
=264  \1$a[Switzerland] :$bWorld Health Organization,$c2022.
=300  \\$a1 online resource.
=336  \\$atext$2rdacontent
=337  \\$acomputer$2rdamedia
=338  \\$aonline resource$2rdacarrier
=520  3\$aFrom the first COVID-19 cases in Europe reported on 24 January 2020, the pandemic reached 1 million cases within 3 months, 10 million cases within 8 months, and 100 million cases in Europe alone within 2 years. Over the course of its two years, COVID-19 has claimed over 1.6 million lives across Europe and Central Asia. The World Health Organization (‎WHO)‎ European Region has accounted for close to a third of the cumulative global COVID-19 cases and deaths. In the context of the pandemic, a combination of vaccination and strong public health measures offer the clearest path to getting transmission under control. The trajectory of COVID-19 in the coming weeks, months, and year will be largely determined by the decisions and actions taken by individuals, communities and governments. With the support of Member States and partners at the global, regional, national, and community levels, WHO/Europe continues to work to reduce transmission across the European Region.
=653  \\$aCOVID-19
=653  \\$aEpidemics
=653  \\$aEurope
=653  \\$acopenhagen
=653  \\$acovid-19
=653  \\$adisease outbreaks
=653  \\$aemergencies
=653  \\$aeurope
=653  \\$apandemics
=710  2\$aWorld Health Organization.
=720  \\$aWorld Health Organization. Regional Office for Europe
=856  4\$uhttps://policycommons.net/artifacts/2273594/one-hundred-million-cases-in-one-hundred-week/3033476/$yWorld Health Organization document$ahttps://policycommons.net/
=859  \\$aORR$bWorld Health Organization
=884  \\$aLDL ebooks tsv to marcxml transformation using XSLTtest.xsl$g20230321$qUk
=CAT  \\$aBATCH-IGO$b00$c20230402$lBLL01$h2226
=CAT  \\$aBATCH-UPD$b00$c20230402$lBLL01$h2228
=FIN  \\$aY$d20230402
=SRC  \\$aCoherent Digital WHO$bWHOrecords20230329.lex
=LAS  \\$aBATCH-UPD$b00$c20230402$lBLL01$h2228

