=LDR  01833nam a22004933i 4500
=001  021013026
=003  Uk
=005  20230402222602.0
=006  m\\\\||\\d\|\\\\\\
=007  cr\|||||||||||
=008  230321s2022\\\\sz\|||||o\\\\||||\||eng\\
=FMT  \\$a  BK
=040  \\$aVaAlCD$beng$cVaAlCD$dUk
=041  \\$aeng
=245  00$aHygiene: can a tool from the past help save the future? /$cLars Münter, Sally Bloomfield, Denis Bourgeois, Solveig Langsrud, Anders Miki Bojesen, Kristine Sørensen, Milka Sokolović, European Observatory on Health Systems and Policies.
=264  \1$a[Switzerland] :$bWorld Health Organization,$c2022.
=300  \\$a1 online resource.
=336  \\$atext$2rdacontent
=337  \\$acomputer$2rdamedia
=338  \\$aonline resource$2rdacarrier
=653  \\$aLiteracy
=653  \\$aPublic Health
=653  \\$acopenhagen
=653  \\$ahygiene
=653  \\$ainfection control
=653  \\$aliteracy
=653  \\$apublic health
=700  1\$aMünter, Lars.
=700  1\$aBloomfield, Sally.
=700  1\$aBourgeois, Denis.
=700  1\$aLangsrud, Solveig.
=700  1\$aBojesen, Anders Miki.
=700  1\$aSørensen, Kristine.
=700  1\$aSokolović, Milka.
=710  2\$aWorld Health Organization.
=720  \\$aEuropean Observatory on Health Systems and Policies
=856  4\$uhttps://policycommons.net/artifacts/2265835/hygiene/3025521/$yWorld Health Organization document$ahttps://policycommons.net/
=859  \\$aORR$bWorld Health Organization
=884  \\$aLDL ebooks tsv to marcxml transformation using XSLTtest.xsl$g20230321$qUk
=CAT  \\$aBATCH-IGO$b00$c20230402$lBLL01$h2226
=CAT  \\$aBATCH-UPD$b00$c20230402$lBLL01$h2228
=FIN  \\$aY$d20230402
=SRC  \\$aCoherent Digital WHO$bWHOrecords20230329.lex
=LAS  \\$aBATCH-UPD$b00$c20230402$lBLL01$h2228

