=LDR  02172nam a22005653i 4500
=001  021013027
=003  Uk
=005  20230402222602.0
=006  m\\\\||\\d\|\\\\\\
=007  cr\|||||||||||
=008  230321s2022\\\\sz\|||||o\\\\||||\||eng\\
=FMT  \\$a  BK
=040  \\$aVaAlCD$beng$cVaAlCD$dUk
=041  \\$aeng
=245  04$aThe Oslo Medicines Initiative: improving access to high-cost medicines in Europe /$cBjørn-Inge Larsen, Hans Kluge, Natasha Azzopardi Muscat, Audun Hågå, Arne-Petter Sanne, Sarah Garner, Synnøve Eikefet Ravnestad, Rachelle Harris, Rebekka Aarsand, Stanislav Kniazkov, David Tordrup, Krista Kruja, European Observatory on Health Systems and Policies.
=264  \1$a[Switzerland] :$bWorld Health Organization,$c2022.
=300  \\$a1 online resource.
=336  \\$atext$2rdacontent
=337  \\$acomputer$2rdamedia
=338  \\$aonline resource$2rdacarrier
=653  \\$aHealth Policy
=653  \\$aMedicine
=653  \\$aPublic Health
=653  \\$acopenhagen
=653  \\$ahealth policy
=653  \\$amedicine
=653  \\$apharmacy
=653  \\$apublic health
=700  1\$aLarsen, Bjørn-Inge.
=700  1\$aKluge, Hans.
=700  1\$aMuscat, Natasha Azzopardi.
=700  1\$aHågå, Audun.
=700  1\$aSanne, Arne-Petter.
=700  1\$aGarner, Sarah.
=700  1\$aRavnestad, Synnøve Eikefet.
=700  1\$aHarris, Rachelle.
=700  1\$aAarsand, Rebekka.
=700  1\$aKniazkov, Stanislav.
=700  1\$aTordrup, David.
=700  1\$aKruja, Krista.
=710  2\$aWorld Health Organization.
=720  \\$aEuropean Observatory on Health Systems and Policies
=856  4\$uhttps://policycommons.net/artifacts/2265831/the-oslo-medicines-initiative/3025502/$yWorld Health Organization document$ahttps://policycommons.net/
=859  \\$aORR$bWorld Health Organization
=884  \\$aLDL ebooks tsv to marcxml transformation using XSLTtest.xsl$g20230321$qUk
=CAT  \\$aBATCH-IGO$b00$c20230402$lBLL01$h2226
=CAT  \\$aBATCH-UPD$b00$c20230402$lBLL01$h2228
=FIN  \\$aY$d20230402
=SRC  \\$aCoherent Digital WHO$bWHOrecords20230329.lex
=LAS  \\$aBATCH-UPD$b00$c20230402$lBLL01$h2228

