=LDR  01536nam a22004213i 4500
=001  021013028
=003  Uk
=005  20230402222602.0
=006  m\\\\||\\d\|\\\\\\
=007  cr\|||||||||||
=008  230321s2022\\\\sz\|||||o\\\\||||\||eng\\
=FMT  \\$a  BK
=040  \\$aVaAlCD$beng$cVaAlCD$dUk
=041  \\$aeng
=245  00$aHealth and sustainable development in the pan-European region /$cEuropean Observatory on Health Systems and Policies.
=264  \1$a[Switzerland] :$bWorld Health Organization,$c2022.
=300  \\$a1 online resource.
=336  \\$atext$2rdacontent
=337  \\$acomputer$2rdamedia
=338  \\$aonline resource$2rdacarrier
=653  \\$aCOVID-19
=653  \\$aEurope
=653  \\$aHealth Policy
=653  \\$acopenhagen
=653  \\$acovid-19
=653  \\$aeurope
=653  \\$aglobal health
=653  \\$ahealth policy
=710  2\$aWorld Health Organization.
=720  \\$aEuropean Observatory on Health Systems and Policies
=856  4\$uhttps://policycommons.net/artifacts/2265830/health-and-sustainable-development-in-the-pan-european-region/3025501/$yWorld Health Organization document$ahttps://policycommons.net/
=859  \\$aORR$bWorld Health Organization
=884  \\$aLDL ebooks tsv to marcxml transformation using XSLTtest.xsl$g20230321$qUk
=CAT  \\$aBATCH-IGO$b00$c20230402$lBLL01$h2226
=CAT  \\$aBATCH-UPD$b00$c20230402$lBLL01$h2228
=FIN  \\$aY$d20230402
=SRC  \\$aCoherent Digital WHO$bWHOrecords20230329.lex
=LAS  \\$aBATCH-UPD$b00$c20230402$lBLL01$h2228

