=LDR  02286nam a22004213i 4500
=001  021013030
=003  Uk
=005  20230402222602.0
=006  m\\\\||\\d\|\\\\\\
=007  cr\|||||||||||
=008  230321s2022\\\\sz\|||||o\\\\||||\||eng\\
=FMT  \\$a  BK
=040  \\$aVaAlCD$beng$cVaAlCD$dUk
=041  \\$aeng
=245  00$a21st Meeting of the European Technical Advisory Group of Experts on Immunization (‎ETAGE)‎: virtual meeting, hosted in Copenhagen, Denmark 16-18 November 2021 /$cWorld Health Organization. Regional Office for Europe.
=264  \1$a[Switzerland] :$bWorld Health Organization,$c2022.
=300  \\$a1 online resource.
=336  \\$atext$2rdacontent
=337  \\$acomputer$2rdamedia
=338  \\$aonline resource$2rdacarrier
=520  3\$aThe 21st meeting of the European Technical Advisory Group of Experts on Immunization (‎ETAGE)‎ took place virtually on 16-18 November 2021 to review and discuss immunization activities and developments in the WHO European Region and provide advice to the WHO Regional Office for Europe on appropriate activities. Advice and guidance from ETAGE were sought on resuming and scaling up routine immunization in the WHO European Region. Guidance was also sought on an additional primary dose of COVID-19 vaccines for specific sub-populations, booster doses of COVID-19 vaccines, and co-administration of COVID-19 and influenza vaccines.
=653  \\$aEurope
=653  \\$aImmunization
=653  \\$aVaccines
=653  \\$acopenhagen
=653  \\$aeurope
=653  \\$aimmunization
=653  \\$avaccines
=710  2\$aWorld Health Organization.
=720  \\$aWorld Health Organization. Regional Office for Europe
=856  4\$uhttps://policycommons.net/artifacts/2273899/21st-meeting-of-the-european-technical-advisory-group-of-experts-on-immunization-etage/3033783/$yWorld Health Organization document$ahttps://policycommons.net/
=859  \\$aORR$bWorld Health Organization
=884  \\$aLDL ebooks tsv to marcxml transformation using XSLTtest.xsl$g20230321$qUk
=CAT  \\$aBATCH-IGO$b00$c20230402$lBLL01$h2226
=CAT  \\$aBATCH-UPD$b00$c20230402$lBLL01$h2228
=FIN  \\$aY$d20230402
=SRC  \\$aCoherent Digital WHO$bWHOrecords20230329.lex
=LAS  \\$aBATCH-UPD$b00$c20230402$lBLL01$h2228

