=LDR  02572nam a22005293i 4500
=001  021013033
=003  Uk
=005  20230402222602.0
=006  m\\\\||\\d\|\\\\\\
=007  cr\|||||||||||
=008  230321s2022\\\\sz\|||||o\\\\||||\||eng\\
=FMT  \\$a  BK
=040  \\$aVaAlCD$beng$cVaAlCD$dUk
=041  \\$aeng
=245  00$aAnnual report 2021: WHO Asia-Pacific Centre for Environment and Health in the Western Pacific Region /$cWorld Health Organization. Regional Office for the Western Pacific, WH O. Asia-Pacific Centre for Environment and Health in the Western Pacific Region.
=264  \1$a[Switzerland] :$bWorld Health Organization,$c2022.
=300  \\$a1 online resource.
=336  \\$atext$2rdacontent
=337  \\$acomputer$2rdamedia
=338  \\$aonline resource$2rdacarrier
=520  3\$aThe WHO Asia-Pacific Centre for Environment and Health in the Western Pacific Region (‎ACE)‎, located inSeoul, Republic of Korea, has published its Annual Report 2021. ACE aims to serve as a technical knowledge hub and a center of scientific excellence, focusing on air quality.
=520  3\$aclimate change.
=520  3\$awater, sanitation and hygiene.
=520  3\$aand living environments, supplementing the work of other divisions of World Health Organization Regional Office for the Western Pacific. The ACE Annual Report provides a snapshot of the activities carried out during 2021, an insight into the technical focus areas and a glossary.
=653  \\$aAir Pollution
=653  \\$aClimate Change
=653  \\$aEnvironmental Health
=653  \\$aSanitation
=653  \\$aWater
=653  \\$aair pollution
=653  \\$aclimate change
=653  \\$aenvironmental health
=653  \\$amanila
=653  \\$aprevention and control
=653  \\$asanitation
=653  \\$awater
=710  2\$aWorld Health Organization.
=720  \\$aWorld Health Organization. Regional Office for the Western Pacific
=720  \\$aWHO Asia-Pacific Centre for Environment and Health in the Western Pacific Region (‎ACE)‎
=856  4\$uhttps://policycommons.net/artifacts/2275014/annual-report-2021/3034998/$yWorld Health Organization document$ahttps://policycommons.net/
=859  \\$aORR$bWorld Health Organization
=884  \\$aLDL ebooks tsv to marcxml transformation using XSLTtest.xsl$g20230321$qUk
=CAT  \\$aBATCH-IGO$b00$c20230402$lBLL01$h2226
=CAT  \\$aBATCH-UPD$b00$c20230402$lBLL01$h2228
=FIN  \\$aY$d20230402
=SRC  \\$aCoherent Digital WHO$bWHOrecords20230329.lex
=LAS  \\$aBATCH-UPD$b00$c20230402$lBLL01$h2228

