=LDR  03202nam a22004693i 4500
=001  021013038
=003  Uk
=005  20230402222602.0
=006  m\\\\||\\d\|\\\\\\
=007  cr\|||||||||||
=008  230321s2022\\\\sz\|||||o\\\\||||\||eng\\
=FMT  \\$a  BK
=040  \\$aVaAlCD$beng$cVaAlCD$dUk
=041  \\$aeng
=245  00$aHave we learnt the right lessons? Intensive care capacities during the COVID-19 pandemic in Europe /$cJuliane Winkelmann, Dimitra Panteli, Elke Berger, Reinhard Busse, European Observatory on Health Systems and Policies.
=264  \1$a[Switzerland] :$bWorld Health Organization,$c2022.
=300  \\$a1 online resource.
=336  \\$atext$2rdacontent
=337  \\$acomputer$2rdamedia
=338  \\$aonline resource$2rdacarrier
=520  3\$aPrior to the outbreak, ICU bed INTERREG project, to achieve a better exchange of information and capacity varied widely across countries, coordination in the distribution of ICU patients between Belgium, Germany ranging from 4 to 5 ICU beds per 100,000 and the Netherlands. [...] The expert network for the cross- In anticipation of a rise in demand for border exchange of information on infectious diseases and health reporting care, many countries managed to rapidly mandated by the German-French-Swiss Upper Rhine Conference (EPI-RHIN), increase the number of ICU beds. [...] Malta, with representatives of local and regional public health units, reported incidence for example, increased the number of ICU rates and new occupancy rates of intensive care beds due to COVID-19 in the beds five-fold from 20 to over 100 beds, subregions on a weekly basis. [...] In the Italian regions and borders to ensure infrastructure and to mobilise the health region of Lombardy, ICU beds in private appropriate management of ICU workforce at the start of the COVID-19 hospitals represented about 30% of total capacities pandemic. [...] Hospital networks, both within countries and adaptive In the event of insufficient acute and across borders, were important approaches and ICU capacities in one hospital, in the management of acute care and patients are transferred to facilities ICU surge capacity.
=653  \\$aCOVID-19
=653  \\$aHospitals
=653  \\$acopenhagen
=653  \\$acovid-19
=653  \\$ahospitals
=653  \\$ahospital units
=653  \\$aintensive care units
=700  1\$aWinkelmann, Juliane.
=700  1\$aPanteli, Dimitra.
=700  1\$aBerger, Elke.
=700  1\$aBusse, Reinhard.
=710  2\$aWorld Health Organization.
=720  \\$aEuropean Observatory on Health Systems and Policies
=856  4\$uhttps://policycommons.net/artifacts/2198958/have-we-learnt-the-right-lessons-intensive-care-capacities-during-the-covid-19-pandemic-in-europe/2955318/$yWorld Health Organization document$ahttps://policycommons.net/
=859  \\$aORR$bWorld Health Organization
=884  \\$aLDL ebooks tsv to marcxml transformation using XSLTtest.xsl$g20230321$qUk
=CAT  \\$aBATCH-IGO$b00$c20230402$lBLL01$h2226
=CAT  \\$aBATCH-UPD$b00$c20230402$lBLL01$h2228
=FIN  \\$aY$d20230402
=SRC  \\$aCoherent Digital WHO$bWHOrecords20230329.lex
=LAS  \\$aBATCH-UPD$b00$c20230402$lBLL01$h2228

