=LDR  03474nam a22004813i 4500
=001  021013039
=003  Uk
=005  20230402222602.0
=006  m\\\\||\\d\|\\\\\\
=007  cr\|||||||||||
=008  230321s2022\\\\sz\|||||o\\\\||||\||eng\\
=FMT  \\$a  BK
=040  \\$aVaAlCD$beng$cVaAlCD$dUk
=041  \\$aeng
=245  00$aPrevention of mother-to-child transmission of hepatitis B virus in antenatal care and maternity services, Mozambique /$cAnne Loarec, Aude Nguyen, Lucas Molfino, Mafalda Chissano, Natercia Madeira, Barbara Rusch, Nelly Staderini, Aleny Couto, Iza Ciglenecki, Natalia Tamayo Antabak.
=264  \1$a[Switzerland] :$bWorld Health Organization,$c2022.
=300  \\$a1 online resource.
=336  \\$atext$2rdacontent
=337  \\$acomputer$2rdamedia
=338  \\$aonline resource$2rdacarrier
=520  3\$aHBV transmission risk is related nationwide was estimated at 15.2% and syphilis prevalence to the maternal presence of HBeAg and to high HBV viral at 2.0%.22,23 In 2017, HIV and syphilis PMTCT interventions load (&gt.
=520  3\$a200 000 international units, IU per mL).10,11 On the were implemented by the health ministry in Mozambique, identification of women with a high risk of transmission, but not HBV PMTCT. [...] Already part of human Since November 2017, the health ministry and Médecins immunodeficiency virus (HIV) treatment in most countries, Sans Frontières have been piloting an HBV PMTCT inter- tenofovir is the preferred recommended regimen for HBV vention with the aim of reducing the prevalence of HBV in treatment and PMTCT.12,13 newborns. [...] We describe the prevalence nostics Korea) onsite, and sent full blood enrolled in HBV care, and entered of HBsAg among women attending the samples to a local private laboratory standardized clinical files in a secure antenatal care and maternity unit, and to determine HBV viral load (cobas® and anonymized database.25 the cascade of care for HBsAg-positive 6800 system, Roche Diagnostics, Bur- The m [...] Fibrosis was assessed using the a positive HBeAg result and a high HBV A total of 9.1% (24/265) of the APRI score: out of the 265 women as- viral load (220 000 000 IU/mL). [...] The health ministry reported Table 3. HIV infection stage and ART regime of HBsAg-HIV-positive women, antenatal HIV and syphilis prevalence of 5% and care and maternity unit of Chamanculo Hospital, Mozambique, 2017-2019 2% for the same period.
=653  \\$aResearch
=653  \\$aresearch
=700  1\$aLoarec, Anne.
=700  1\$aNguyen, Aude.
=700  1\$aMolfino, Lucas.
=700  1\$aChissano, Mafalda.
=700  1\$aMadeira, Natercia.
=700  1\$aRusch, Barbara.
=700  1\$aStaderini, Nelly.
=700  1\$aCouto, Aleny.
=700  1\$aCiglenecki, Iza.
=700  1\$aAntabak, Natalia Tamayo.
=710  2\$aWorld Health Organization.
=856  4\$uhttps://policycommons.net/artifacts/2195496/prevention-of-mother-to-child-transmission-of-hepatitis-b-virus-in-antenatal-care-and-maternity-services-mozambique/2951876/$yWorld Health Organization document$ahttps://policycommons.net/
=859  \\$aORR$bWorld Health Organization
=884  \\$aLDL ebooks tsv to marcxml transformation using XSLTtest.xsl$g20230321$qUk
=CAT  \\$aBATCH-IGO$b00$c20230402$lBLL01$h2226
=CAT  \\$aBATCH-UPD$b00$c20230402$lBLL01$h2228
=FIN  \\$aY$d20230402
=SRC  \\$aCoherent Digital WHO$bWHOrecords20230329.lex
=LAS  \\$aBATCH-UPD$b00$c20230402$lBLL01$h2228

