=LDR  02811nam a22003733i 4500
=001  021013040
=003  Uk
=005  20230402222602.0
=006  m\\\\||\\d\|\\\\\\
=007  cr\|||||||||||
=008  230321s2022\\\\sz\|||||o\\\\||||\||eng\\
=FMT  \\$a  BK
=040  \\$aVaAlCD$beng$cVaAlCD$dUk
=041  \\$aeng
=245  00$aWHO Drug Information 2021, vol. 35, 4 [‎full issue]‎ /$cWorld Health Organization.
=264  \1$a[Switzerland] :$bWorld Health Organization,$c2022.
=300  \\$a1 online resource.
=336  \\$atext$2rdacontent
=337  \\$acomputer$2rdamedia
=338  \\$aonline resource$2rdacarrier
=520  3\$aThe designations employed and the presentation of the material in this publication do not imply the expression of any opinion whatsoever on the part of WHO concerning the legal status of any country, territory, city or area or of its authorities, or concerning the delimitation of its frontiers or boundaries. [...] The construct of an INN is based on scientific evidence and a set of principles is utilised which can facilitate the recognition of the pharmacological class and the mode of action of the drug. [...] Kopp-Kubel, in her publication of the International Nonproprietary Names for Pharmaceutical Substances in the Bulletin of the World Health Organization, provided an update on the principles of devising the INN (Table 1).5 This publication also described the selection process of INN by a panel of experts. [...] In October 2019, the WHO School of INN7 was launched as a online educational platform.8 Its main objectives are to explain the rules for the construction of INN, to show their usefulness in the teaching of pharmacology and to promote the correct and effective use of INN globally to ensure that patients are being treated safely with the correct medicine. [...] The use of INN in education of health professionals and scientists Any student who studies pharmacology and therapeutics, will tell you that remembering the names of the drugs and their mechanisms of action is one of the most challenging tasks in their courses.
=653  \\$adrug information services
=653  \\$ageneva
=653  \\$apharmaceutical preparations
=710  2\$aWorld Health Organization.
=720  \\$aWorld Health Organization
=856  4\$uhttps://policycommons.net/artifacts/2223352/who-drug-information-2021-vol/2980784/$yWorld Health Organization document$ahttps://policycommons.net/
=859  \\$aORR$bWorld Health Organization
=884  \\$aLDL ebooks tsv to marcxml transformation using XSLTtest.xsl$g20230321$qUk
=CAT  \\$aBATCH-IGO$b00$c20230402$lBLL01$h2226
=CAT  \\$aBATCH-UPD$b00$c20230402$lBLL01$h2228
=FIN  \\$aY$d20230402
=SRC  \\$aCoherent Digital WHO$bWHOrecords20230329.lex
=LAS  \\$aBATCH-UPD$b00$c20230402$lBLL01$h2228

