=LDR  03649nam a22005413i 4500
=001  021013041
=003  Uk
=005  20230402222602.0
=006  m\\\\||\\d\|\\\\\\
=007  cr\|||||||||||
=008  230321s2022\\\\sz\|||||o\\\\||||\||eng\\
=FMT  \\$a  BK
=040  \\$aVaAlCD$beng$cVaAlCD$dUk
=041  \\$aeng
=245  00$aHuman resources for health during COVID-19: creating surge capacity and rethinking skill mix /$cGemma A. Williams, Claudia B. Maier, Giada Scarpetti, Julie Galodé, Marie-Camille Lenormand, Katarzyna Ptak-Bufken, Isabel De La Mata, Cris Scotter, Tomas Zapata, European Observatory on Health Systems and Policies.
=264  \1$a[Switzerland] :$bWorld Health Organization,$c2022.
=300  \\$a1 online resource.
=336  \\$atext$2rdacontent
=337  \\$acomputer$2rdamedia
=338  \\$aonline resource$2rdacarrier
=520  3\$aSome to take a wide-range of actions to ensure suspended in some countries.
=520  3\$aGermany, countries have also put in place contracts availability of sufficient numbers of health for example, passed legislation to suspend for re-deployed private sector staff to work workers to respond to the demands of acute care staffing ratios for nurses, to in public sector hospitals (e.g. [...] Implementing flexible approaches to Initially, only permanent staff members at the local level of the statutory health using the workforce: re-skilling and insurance (101 local agencies - called 'Cpam'), including administrative staff and re-purposing health care advisors working for the local medical services of the statutory health insurance, were called upon. [...] Health workers re-deployed in ICUs and infectious diseases or respiratory Box 2: WHO digital tool to support Human Resource for Health (HRH) planning  medicine wards have generally received for surge capacity additional training, such as in use of personal protective equipment (PPE) or Shortly after the appearance of the first COVID-19 cases in the WHO region, the in the management of patients wit [...] For Member States to consider multiple staffing scenarios reflecting the need to example, the COVID-19 Act adopted in consider skills and role shifting in the workforce in response to a shifting landscape March 2020 in Germany allowed nurses of staff availability. [...] For example, in to be deployed to Italy during the first Notably, a number of countries have France, from the beginning of the crisis wave.
=653  \\$aCOVID-19
=653  \\$aHealth Services
=653  \\$acopenhagen
=653  \\$acovid-19
=653  \\$aeuropean union
=653  \\$ahealth services
=653  \\$ahealth workforce
=700  1\$aWilliams, Gemma A.
=700  1\$aMaier, Claudia B.
=700  1\$aScarpetti, Giada.
=700  1\$aGalodé, Julie.
=700  1\$aLenormand, Marie-Camille.
=700  1\$aPtak-Bufken, Katarzyna.
=700  1\$aDe La Mata, Isabel.
=700  1\$aScotter, Cris.
=700  1\$aZapata, Tomas.
=710  2\$aWorld Health Organization.
=720  \\$aEuropean Observatory on Health Systems and Policies
=856  4\$uhttps://policycommons.net/artifacts/2198957/human-resources-for-health-during-covid-19/2955319/$yWorld Health Organization document$ahttps://policycommons.net/
=859  \\$aORR$bWorld Health Organization
=884  \\$aLDL ebooks tsv to marcxml transformation using XSLTtest.xsl$g20230321$qUk
=CAT  \\$aBATCH-IGO$b00$c20230402$lBLL01$h2226
=CAT  \\$aBATCH-UPD$b00$c20230402$lBLL01$h2228
=FIN  \\$aY$d20230402
=SRC  \\$aCoherent Digital WHO$bWHOrecords20230329.lex
=LAS  \\$aBATCH-UPD$b00$c20230402$lBLL01$h2228

