=LDR  01665nam a22004213i 4500
=001  021013042
=003  Uk
=005  20230402222602.0
=006  m\\\\||\\d\|\\\\\\
=007  cr\|||||||||||
=008  230321s2022\\\\sz\|||||o\\\\||||\||eng\\
=FMT  \\$a  BK
=040  \\$aVaAlCD$beng$cVaAlCD$dUk
=041  \\$aeng
=245  00$aAccess to eye care during the COVID-19 pandemic, India /$cJanani Muralikrishnan, Josephine S. Christy, Kavitha Srinivasan, Ganesh-Babu B. Subburaman, Aakriti Garg Shukla, Rengaraj Venkatesh, Thulasiraj D. Ravilla.
=264  \1$a[Switzerland] :$bWorld Health Organization,$c2022.
=300  \\$a1 online resource.
=336  \\$atext$2rdacontent
=337  \\$acomputer$2rdamedia
=338  \\$aonline resource$2rdacarrier
=653  \\$aResearch
=653  \\$aresearch
=700  1\$aMuralikrishnan, Janani.
=700  1\$aChristy, Josephine S.
=700  1\$aSrinivasan, Kavitha.
=700  1\$aSubburaman, Ganesh-Babu B.
=700  1\$aShukla, Aakriti Garg.
=700  1\$aVenkatesh, Rengaraj.
=700  1\$aRavilla, Thulasiraj D.
=710  2\$aWorld Health Organization.
=856  4\$uhttps://policycommons.net/artifacts/2243053/access-to-eye-care-during-the-covid-19-pandemic-india/3001192/$yWorld Health Organization document$ahttps://policycommons.net/
=859  \\$aORR$bWorld Health Organization
=884  \\$aLDL ebooks tsv to marcxml transformation using XSLTtest.xsl$g20230321$qUk
=CAT  \\$aBATCH-IGO$b00$c20230402$lBLL01$h2226
=CAT  \\$aBATCH-UPD$b00$c20230402$lBLL01$h2228
=FIN  \\$aY$d20230402
=SRC  \\$aCoherent Digital WHO$bWHOrecords20230329.lex
=LAS  \\$aBATCH-UPD$b00$c20230402$lBLL01$h2228

