=LDR  03046nam a22004093i 4500
=001  021013044
=003  Uk
=005  20230402222602.0
=006  m\\\\||\\d\|\\\\\\
=007  cr\|||||||||||
=008  230321s2022\\\\sz\|||||o\\\\||||\||eng\\
=FMT  \\$a  BK
=040  \\$aVaAlCD$beng$cVaAlCD$dUk
=041  \\$aeng
=245  00$aAchieving sustainable health equity /$cArachu Castro, Michael Marmot, Juan Garay, Armando de Negri, Paulo Buss.
=264  \1$a[Switzerland] :$bWorld Health Organization,$c2022.
=300  \\$a1 online resource.
=336  \\$atext$2rdacontent
=337  \\$acomputer$2rdamedia
=338  \\$aonline resource$2rdacarrier
=520  3\$aWith the decline of everyone, the Sustainable Health Equity World Health Organization Commis- trade union movements, workers have Movement1 aims to promote sustainable sion on Social Determinants of Health5 lost the power to improve working con- health equity as an ethical principle that called for attention to the root causes of ditions and receive fair remuneration. [...] People thrive on challenges, result in the growth of inequalities in source of health inequities across the continuous education and development, income and wealth in many countries. [...] The Third, economic growth has become the inequities indicates that the basic needs coronavirus disease 2019 (COVID-19) marker of social success, regardless of of many population groups are not being pandemic reveals the imbalance of ecological and climate damage, and met, whereas the world has sufficient the global market framework and its distribution of income and wealth. [...] To achieve health equity and increase resources in policies, financial speculation and excess environmental equity, guaranteeing those areas that meet the obligations of economic accumulation.
=520  3\$aguarantee a the respect of planetary boundaries countries under the covenant. [...] Second, cre- growth, global scale production, trade sources and deliver essential services in a ating an independent Sustainable Health and urban consumption and lifestyles manner that promotes human rights and Equity Commission, with a Rapporteur has upset the balance to the detriment accountability9 and that respond to mil- who would monitor progress and report of nature.
=653  \\$aperspectives
=700  1\$aCastro, Arachu.
=700  1\$aMarmot, Michael.
=700  1\$aGaray, Juan.
=700  1\$ade Negri, Armando.
=700  1\$aBuss, Paulo.
=710  2\$aWorld Health Organization.
=856  4\$uhttps://policycommons.net/artifacts/2195507/achieving-sustainable-health-equity/2951737/$yWorld Health Organization document$ahttps://policycommons.net/
=859  \\$aORR$bWorld Health Organization
=884  \\$aLDL ebooks tsv to marcxml transformation using XSLTtest.xsl$g20230321$qUk
=CAT  \\$aBATCH-IGO$b00$c20230402$lBLL01$h2226
=CAT  \\$aBATCH-UPD$b00$c20230402$lBLL01$h2228
=FIN  \\$aY$d20230402
=SRC  \\$aCoherent Digital WHO$bWHOrecords20230329.lex
=LAS  \\$aBATCH-UPD$b00$c20230402$lBLL01$h2228

