=LDR  03270nam a22004213i 4500
=001  021013045
=003  Uk
=005  20230402222602.0
=006  m\\\\||\\d\|\\\\\\
=007  cr\|||||||||||
=008  230321s2022\\\\sz\|||||o\\\\||||\||eng\\
=FMT  \\$a  BK
=040  \\$aVaAlCD$beng$cVaAlCD$dUk
=041  \\$aeng
=245  00$aComparison of national antimicrobial treatment guidelines, African Union /$cJessica Craig, Kayli Hiban, Isabel Frost, Geetanjali Kapoor, Yewande Alimi, Jay K. Varma.
=264  \1$a[Switzerland] :$bWorld Health Organization,$c2022.
=300  \\$a1 online resource.
=336  \\$atext$2rdacontent
=337  \\$acomputer$2rdamedia
=338  \\$aonline resource$2rdacarrier
=520  3\$aMoreover, the public health consequences of antimicrobial resistance may be higher in African countries because of failure to diagnose Methods antimicrobial-resistant infections and the absence of expensive We reviewed the websites of health ministries, national public second-line therapies. [...] An evaluation of the access also consulted the 2019 WHO Model list infections and/or syndromes for adult and utilization of guidelines developed of essential medicines,10 the 2019 WHO patients and 26 for paediatric patients by these bodies would be required to Model list of essential medicines for (Table 2). [...] Complete Paediatric population Antimicrobial selection and dosage and data sets for all infections and clinical syndromes are available in the authors' A total of 14 countries provided rec- duration of recommended therapies 44 ommendations for the treatment of varied across guidelines for all bacterial data repository. [...] Of the 14 countries that had na- or duration accordingly (available in meningitis and instruct users to 'Adjust tional guidelines for the treatment of data repository).44 For example, the antimicrobial therapy according to cul- meningitis, only six (43%) included Standard treatment guidelines and es- ture and sensitivity' and to 'Re-assess guidance or instructions for obtaining sential medicines l [...] Antimicrobial treatment recommendations, Africa AU Member States had any relevant Table 4. Summary of treatment recommendations from included African standard standardized treatment guidelines for treatment guidelines for acute and chronic bronchitis for adult patient the treatment of common bacterial populations, 2001-2019 infections or syndromes.
=653  \\$aResearch
=653  \\$aresearch
=700  1\$aCraig, Jessica.
=700  1\$aHiban, Kayli.
=700  1\$aFrost, Isabel.
=700  1\$aKapoor, Geetanjali.
=700  1\$aAlimi, Yewande.
=700  1\$aVarma, Jay K.
=710  2\$aWorld Health Organization.
=856  4\$uhttps://policycommons.net/artifacts/2195506/comparison-of-national-antimicrobial-treatment-guidelines-african-union/2951838/$yWorld Health Organization document$ahttps://policycommons.net/
=859  \\$aORR$bWorld Health Organization
=884  \\$aLDL ebooks tsv to marcxml transformation using XSLTtest.xsl$g20230321$qUk
=CAT  \\$aBATCH-IGO$b00$c20230402$lBLL01$h2226
=CAT  \\$aBATCH-UPD$b00$c20230402$lBLL01$h2228
=FIN  \\$aY$d20230402
=SRC  \\$aCoherent Digital WHO$bWHOrecords20230329.lex
=LAS  \\$aBATCH-UPD$b00$c20230402$lBLL01$h2228

