=LDR  03720nam a22005413i 4500
=001  021013046
=003  Uk
=005  20230402222602.0
=006  m\\\\||\\d\|\\\\\\
=007  cr\|||||||||||
=008  230321s2022\\\\sz\|||||o\\\\||||\||eng\\
=FMT  \\$a  BK
=040  \\$aVaAlCD$beng$cVaAlCD$dUk
=041  \\$aeng
=245  00$aBeyond consultations and surveys: enhancing participatory governance in health systems /$cDheepa Rajan, Eva Brocard, Charlotte Poulussen, Kira Koch, Naomi Limaro Nathan, Katja Rohrer-Herold, Pascal Melihan-Chenin, European Observatory on Health Systems and Policies.
=264  \1$a[Switzerland] :$bWorld Health Organization,$c2022.
=300  \\$a1 online resource.
=336  \\$atext$2rdacontent
=337  \\$acomputer$2rdamedia
=338  \\$aonline resource$2rdacarrier
=520  3\$aWe then chronicle two examples of participatory spaces in Europe, before suggesting the use of not one single but a variety of such 'Unaffected' Public 'Affected' Public spaces to ensure that the broadest range of voices get heard - this includes both assumed to be unfamiliar those with relevant personal the stakeholders without whom the health with the issues experience, e.g. [...] A person or group's role public at large, including those who may within a participatory space is thus The 'partisan public' is the group need preventive and promotive care more contingent on a well-defined topic and the often subsumed under the term 'health than anything else, and hence are not (yet) configuration of the space itself. [...] The the former, many policy questions tend notion of health democracy became more opinions to feed into national health widespread in policy circles during the strategies, to monitor and report annually to be subject to one-way engagement modalities such as surveys or online HIV/AIDS crisis beginning in the 1980s on the state of patients' rights, and to organise public debates on relevant health q [...] In December 2020, As public authorities struggled to curb transmission, they gradually recognised CNS and public pressure led to the first the need to partner with civil society in the battle against HIV/AIDS, particularly in MoH consultation with the CNS on the the field of prevention and risk communication. [...] This lay public engagement is in 2017 in Portugal as a government With the president and vice-president, the still in its infancy, with a recent review advisory body mandated by the Basic Portuguese CNS consists of 30 members recommending more pro-active outreach Health Law of 1990.
=653  \\$aFrance
=653  \\$aHealth Policy
=653  \\$aPortugal
=653  \\$aPublic Health
=653  \\$acopenhagen
=653  \\$afrance
=653  \\$ahealth policy
=653  \\$ahealth systems plans
=653  \\$aportugal
=653  \\$apublic health
=700  1\$aRajan, Dheepa.
=700  1\$aBrocard, Eva.
=700  1\$aPoulussen, Charlotte.
=700  1\$aKoch, Kira.
=700  1\$aNathan, Naomi Limaro.
=700  1\$aRohrer-Herold, Katja.
=700  1\$aMelihan-Chenin, Pascal.
=710  2\$aWorld Health Organization.
=720  \\$aEuropean Observatory on Health Systems and Policies
=856  4\$uhttps://policycommons.net/artifacts/2198959/beyond-consultations-and-surveys/2955320/$yWorld Health Organization document$ahttps://policycommons.net/
=859  \\$aORR$bWorld Health Organization
=884  \\$aLDL ebooks tsv to marcxml transformation using XSLTtest.xsl$g20230321$qUk
=CAT  \\$aBATCH-IGO$b00$c20230402$lBLL01$h2226
=CAT  \\$aBATCH-UPD$b00$c20230402$lBLL01$h2228
=FIN  \\$aY$d20230402
=SRC  \\$aCoherent Digital WHO$bWHOrecords20230329.lex
=LAS  \\$aBATCH-UPD$b00$c20230402$lBLL01$h2228

