=LDR  02750nam a22005053i 4500
=001  021013054
=003  Uk
=005  20230402222603.0
=006  m\\\\||\\d\|\\\\\\
=007  cr\|||||||||||
=008  230321s2022\\\\sz\|||||o\\\\||||\||eng\\
=FMT  \\$a  BK
=040  \\$aVaAlCD$beng$cVaAlCD$dUk
=041  \\$aeng
=245  00$aChildhood cancer inequalities in the WHO European Region /$cWorld Health Organization. Regional Office for Europe.
=264  \1$a[Switzerland] :$bWorld Health Organization,$c2022.
=300  \\$a1 online resource.
=336  \\$atext$2rdacontent
=337  \\$acomputer$2rdamedia
=338  \\$aonline resource$2rdacarrier
=520  3\$aChildhood cancer encompasses a wide and heterogeneous range of rare cancers defined by the age group in which they occur. While significant progress has been made in recent years in improving survival and treatment quality for children with cancer, significant inequalities still exist across the WHO European Region. This report draws together available evidence and information from a wide range of published sources to present the case for an increased focus on addressing inequalities in childhood cancer within the Region. It summarizes literature in four main areas: the childhood cancer continuum.
=520  3\$ainequalities across countries.
=520  3\$ainequalities within countries.
=520  3\$aand childhood cancer as a driver of inequalities. The report makes recommendations on the key steps that are likely to have the greatest impact in reducing inequalities across the region. It is hoped that these will be of value to decision-makers and politicians from all countries within the Region looking to address existing inequalities in childhood cancer care through targeted improvement activities.
=653  \\$aCancer
=653  \\$aChild Care
=653  \\$aChild Health
=653  \\$aPublic Health
=653  \\$aTumours
=653  \\$acancer
=653  \\$achild care
=653  \\$achild health
=653  \\$acopenhagen
=653  \\$aneoplasms
=653  \\$apublic health
=710  2\$aWorld Health Organization.
=720  \\$aWorld Health Organization. Regional Office for Europe
=856  4\$uhttps://policycommons.net/artifacts/2250881/childhood-cancer-inequalities-in-the-who-european-region/3009579/$yWorld Health Organization document$ahttps://policycommons.net/
=859  \\$aORR$bWorld Health Organization
=884  \\$aLDL ebooks tsv to marcxml transformation using XSLTtest.xsl$g20230321$qUk
=CAT  \\$aBATCH-IGO$b00$c20230402$lBLL01$h2226
=CAT  \\$aBATCH-UPD$b00$c20230402$lBLL01$h2228
=FIN  \\$aY$d20230402
=SRC  \\$aCoherent Digital WHO$bWHOrecords20230329.lex
=LAS  \\$aBATCH-UPD$b00$c20230402$lBLL01$h2228

