=LDR  01764nam a22005293i 4500
=001  021013058
=003  Uk
=005  20230402222603.0
=006  m\\\\||\\d\|\\\\\\
=007  cr\|||||||||||
=008  230321s2022\\\\sz\|||||o\\\\||||\||eng\\
=FMT  \\$a  BK
=040  \\$aVaAlCD$beng$cVaAlCD$dUk
=041  \\$aeng
=245  00$aTherapeutics and COVID-19: living guideline, 14 January 2022 /$cWorld Health Organization.
=264  \1$a[Switzerland] :$bWorld Health Organization,$c2022.
=300  \\$a1 online resource.
=336  \\$atext$2rdacontent
=337  \\$acomputer$2rdamedia
=338  \\$aonline resource$2rdacarrier
=653  \\$aCOVID-19
=653  \\$aantiviral agents
=653  \\$abetacoronavirus
=653  \\$acasirivimab and imdevimab drug combination
=653  \\$acovid-19
=653  \\$adisease outbreaks
=653  \\$adrug evaluation
=653  \\$ageneva
=653  \\$aguideline
=653  \\$ahydroxychloroquine
=653  \\$ainterleukin-6
=653  \\$aivermectin
=653  \\$ajanus kinases
=653  \\$alopinavir
=653  \\$asotrovimab
=653  \\$atherapeutic use
=653  \\$atreatment outcome
=710  2\$aWorld Health Organization.
=720  \\$aWorld Health Organization
=856  4\$uhttps://policycommons.net/artifacts/2195405/therapeutics-and-covid-19/2951820/$yWorld Health Organization document$ahttps://policycommons.net/
=859  \\$aORR$bWorld Health Organization
=884  \\$aLDL ebooks tsv to marcxml transformation using XSLTtest.xsl$g20230321$qUk
=CAT  \\$aBATCH-IGO$b00$c20230402$lBLL01$h2226
=CAT  \\$aBATCH-UPD$b00$c20230402$lBLL01$h2228
=FIN  \\$aY$d20230402
=SRC  \\$aCoherent Digital WHO$bWHOrecords20230329.lex
=LAS  \\$aBATCH-UPD$b00$c20230402$lBLL01$h2228

