=LDR  02466nam a22004213i 4500
=001  021013059
=003  Uk
=005  20230402222603.0
=006  m\\\\||\\d\|\\\\\\
=007  cr\|||||||||||
=008  230321s2022\\\\sz\|||||o\\\\||||\||eng\\
=FMT  \\$a  BK
=040  \\$aVaAlCD$beng$cVaAlCD$dUk
=041  \\$aeng
=245  00$aRoadmap to professionalizing the public health workforce in the European Region /$cWorld Health Organization. Regional Office for Europe.
=264  \1$a[Switzerland] :$bWorld Health Organization,$c2022.
=300  \\$a1 online resource.
=336  \\$atext$2rdacontent
=337  \\$acomputer$2rdamedia
=338  \\$aonline resource$2rdacarrier
=520  3\$aAlthough the WHO European Region has made great progress in reducing the burden of noncommunicable diseases, gains still need to be accelerated. Since Member States are requesting guidance on how to build the capacity of the public health workforce to help in this response, this Roadmap offers pragmatic and actionable recommendations for professionalizing the public health workforce. To this end, and based on current practice in the WHO European Region, the Roadmap puts forward several possible levers that can be engaged with by the range of stakeholders who have important roles and insights into improving public health, including governments, ministries, national, regional and local health authorities but also public health training institutions, public health institutes, professional organizations and employers of the public health workforce.
=653  \\$aPublic Health
=653  \\$acopenhagen
=653  \\$aprofessional competence
=653  \\$aprofessional practice
=653  \\$apublic health
=653  \\$apublic health practice
=653  \\$aworkforce
=710  2\$aWorld Health Organization.
=720  \\$aWorld Health Organization. Regional Office for Europe
=856  4\$uhttps://policycommons.net/artifacts/2233424/roadmap-to-professionalizing-the-public-health-workforce-in-the-european-region/2991358/$yWorld Health Organization document$ahttps://policycommons.net/
=859  \\$aORR$bWorld Health Organization
=884  \\$aLDL ebooks tsv to marcxml transformation using XSLTtest.xsl$g20230321$qUk
=CAT  \\$aBATCH-IGO$b00$c20230402$lBLL01$h2226
=CAT  \\$aBATCH-UPD$b00$c20230402$lBLL01$h2228
=FIN  \\$aY$d20230402
=SRC  \\$aCoherent Digital WHO$bWHOrecords20230329.lex
=LAS  \\$aBATCH-UPD$b00$c20230402$lBLL01$h2228

