=LDR  01967nam a22004813i 4500
=001  021013060
=003  Uk
=005  20230402222603.0
=006  m\\\\||\\d\|\\\\\\
=007  cr\|||||||||||
=008  230321s2022\\\\sz\|||||o\\\\||||\||eng\\
=FMT  \\$a  BK
=040  \\$aVaAlCD$beng$cVaAlCD$dUk
=041  \\$aeng
=245  00$aBottom up to the rescue! How NGOs, social movements, and local action are essential tools for a new social contract towards a wellbeing economy /$cLars Münter, Caroline Costongs, Dorota Sienkiewicz, Charan Nelander, Amanda Janoo, European Observatory on Health Systems and Policies.
=264  \1$a[Switzerland] :$bWorld Health Organization,$c2022.
=300  \\$a1 online resource.
=336  \\$atext$2rdacontent
=337  \\$acomputer$2rdamedia
=338  \\$aonline resource$2rdacarrier
=653  \\$aEconomics
=653  \\$aHealth Policy
=653  \\$aLeadership
=653  \\$acopenhagen
=653  \\$aeconomics
=653  \\$ahealth policy
=653  \\$aleadership
=653  \\$asocial environment
=700  1\$aMünter, Lars.
=700  1\$aCostongs, Caroline.
=700  1\$aSienkiewicz, Dorota.
=700  1\$aNelander, Charan.
=700  1\$aJanoo, Amanda.
=710  2\$aWorld Health Organization.
=720  \\$aEuropean Observatory on Health Systems and Policies
=856  4\$uhttps://policycommons.net/artifacts/2265827/bottom-up-to-the-rescue-how-ngos-social-movements-and-local-action-are-essential-tools-for-a-new-social-contract-towards-a-wellbeing-economy/3025497/$yWorld Health Organization document$ahttps://policycommons.net/
=859  \\$aORR$bWorld Health Organization
=884  \\$aLDL ebooks tsv to marcxml transformation using XSLTtest.xsl$g20230321$qUk
=CAT  \\$aBATCH-IGO$b00$c20230402$lBLL01$h2226
=CAT  \\$aBATCH-UPD$b00$c20230402$lBLL01$h2228
=FIN  \\$aY$d20230402
=SRC  \\$aCoherent Digital WHO$bWHOrecords20230329.lex
=LAS  \\$aBATCH-UPD$b00$c20230402$lBLL01$h2228

