=LDR  02270nam a22005653i 4500
=001  021013066
=003  Uk
=005  20230402222603.0
=006  m\\\\||\\d\|\\\\\\
=007  cr\|||||||||||
=008  230321s2022\\\\sz\|||||o\\\\||||\||eng\\
=FMT  \\$a  BK
=040  \\$aVaAlCD$beng$cVaAlCD$dUk
=041  \\$aeng
=245  00$aUse of SARS-CoV-2 antigen-detection rapid diagnostic tests for COVID-19 self-testing: interim guidance, 9 March 2022: web annex A: GRADE table: should COVID-19 self-testing, using SARS-CoV-2 Ag-RDTs, be offered as an additional approach? /$cLukas E. Brümmer, Stephan Katzenschlager, Hannah Tolle, Seda Yerlikaya, Christian Erdmann, Ioana D. Olaru, Maurizio Grilli, Nira R. Pollock, Claudia M. Denkinger.
=264  \1$a[Switzerland] :$bWorld Health Organization,$c2022.
=300  \\$a1 online resource.
=336  \\$atext$2rdacontent
=337  \\$acomputer$2rdamedia
=338  \\$aonline resource$2rdacarrier
=653  \\$aCOVID-19
=653  \\$abetacoronavirus
=653  \\$acovid-19
=653  \\$acovid-19 testing
=653  \\$adiagnosis
=653  \\$adiagnostic tests, routine
=653  \\$adisease outbreaks
=653  \\$ageneva
=653  \\$aguidelines as topic
=653  \\$areagent kits, diagnostic
=653  \\$aself-testing
=653  \\$asensitivity and specificity
=700  1\$aBrümmer, Lukas E.
=700  1\$aKatzenschlager, Stephan.
=700  1\$aTolle, Hannah.
=700  1\$aYerlikaya, Seda.
=700  1\$aErdmann, Christian.
=700  1\$aOlaru, Ioana D.
=700  1\$aGrilli, Maurizio.
=700  1\$aPollock, Nira R.
=700  1\$aDenkinger, Claudia M.
=710  2\$aWorld Health Organization.
=856  4\$uhttps://policycommons.net/artifacts/2270227/use-of-sars-cov-2-antigen-detection-rapid-diagnostic-tests-for-covid-19-self-testing/3030040/$yWorld Health Organization document$ahttps://policycommons.net/
=859  \\$aORR$bWorld Health Organization
=884  \\$aLDL ebooks tsv to marcxml transformation using XSLTtest.xsl$g20230321$qUk
=CAT  \\$aBATCH-IGO$b00$c20230402$lBLL01$h2226
=CAT  \\$aBATCH-UPD$b00$c20230402$lBLL01$h2228
=FIN  \\$aY$d20230402
=SRC  \\$aCoherent Digital WHO$bWHOrecords20230329.lex
=LAS  \\$aBATCH-UPD$b00$c20230402$lBLL01$h2228

