=LDR  01781nam a22004213i 4500
=001  021013072
=003  Uk
=005  20230402222603.0
=006  m\\\\||\\d\|\\\\\\
=007  cr\|||||||||||
=008  230321s2022\\\\sz\|||||o\\\\||||\||eng\\
=FMT  \\$a  BK
=040  \\$aVaAlCD$beng$cVaAlCD$dUk
=041  \\$aeng
=245  00$aRespiratory viruses surveillance country, territory and area profiles, 2021 /$cWorld Health Organization. Regional Office for Europe, European Centre for Disease Prevention and Control.
=264  \1$a[Switzerland] :$bWorld Health Organization,$c2022.
=300  \\$a1 online resource.
=336  \\$atext$2rdacontent
=337  \\$acomputer$2rdamedia
=338  \\$aonline resource$2rdacarrier
=520  3\$aThe data in these profiles were submitted by the country, territory or area during the period July 2021 to December 2021.
=653  \\$aEurope
=653  \\$acopenhagen and stockholm
=653  \\$adataset
=653  \\$aeurope
=653  \\$ainfections
=653  \\$ainfluenza, human
=710  2\$aWorld Health Organization.
=720  \\$aWorld Health Organization. Regional Office for Europe
=720  \\$aEuropean Centre for Disease Prevention and Control
=856  4\$uhttps://policycommons.net/artifacts/2262021/respiratory-viruses-surveillance-country-territory-and-area-profiles-2021/3021073/$yWorld Health Organization document$ahttps://policycommons.net/
=859  \\$aORR$bWorld Health Organization
=884  \\$aLDL ebooks tsv to marcxml transformation using XSLTtest.xsl$g20230321$qUk
=CAT  \\$aBATCH-IGO$b00$c20230402$lBLL01$h2226
=CAT  \\$aBATCH-UPD$b00$c20230402$lBLL01$h2228
=FIN  \\$aY$d20230402
=SRC  \\$aCoherent Digital WHO$bWHOrecords20230329.lex
=LAS  \\$aBATCH-UPD$b00$c20230402$lBLL01$h2228

