=LDR  01749nam a22004333i 4500
=001  021013073
=003  Uk
=005  20230402222603.0
=006  m\\\\||\\d\|\\\\\\
=007  cr\|||||||||||
=008  230321s2022\\\\sz\|||||o\\\\||||\||eng\\
=FMT  \\$a  BK
=040  \\$aVaAlCD$beng$cVaAlCD$dUk
=041  \\$aeng
=245  00$aAnaemia in women of reproductive age in low- and middle-income countries: progress towards the 2025 global nutrition target /$cMd Mehedi Hasan, Ricardo J. Soares Magalhaes, Sarah P. Garnett, Yaqoot Fatima, Md Tariqujjaman, Sonia Pervin, Saifuddin Ahmed, Abdullah A. Mamun.
=264  \1$a[Switzerland] :$bWorld Health Organization,$c2022.
=300  \\$a1 online resource.
=336  \\$atext$2rdacontent
=337  \\$acomputer$2rdamedia
=338  \\$aonline resource$2rdacarrier
=653  \\$aResearch
=653  \\$aresearch
=700  1\$aHasan, Md Mehedi.
=700  1\$aSoares Magalhaes, Ricardo J.
=700  1\$aGarnett, Sarah P.
=700  1\$aFatima, Yaqoot.
=700  1\$aTariqujjaman, Md.
=700  1\$aPervin, Sonia.
=700  1\$aAhmed, Saifuddin.
=700  1\$aMamun, Abdullah A.
=710  2\$aWorld Health Organization.
=856  4\$uhttps://policycommons.net/artifacts/2273565/anaemia-in-women-of-reproductive-age-in-low-and-middle-income-countries/3033438/$yWorld Health Organization document$ahttps://policycommons.net/
=859  \\$aORR$bWorld Health Organization
=884  \\$aLDL ebooks tsv to marcxml transformation using XSLTtest.xsl$g20230321$qUk
=CAT  \\$aBATCH-IGO$b00$c20230402$lBLL01$h2226
=CAT  \\$aBATCH-UPD$b00$c20230402$lBLL01$h2228
=FIN  \\$aY$d20230402
=SRC  \\$aCoherent Digital WHO$bWHOrecords20230329.lex
=LAS  \\$aBATCH-UPD$b00$c20230402$lBLL01$h2228

