=LDR  02197nam a22004693i 4500
=001  021013079
=003  Uk
=005  20230402222603.0
=006  m\\\\||\\d\|\\\\\\
=007  cr\|||||||||||
=008  230321s2022\\\\sz\|||||o\\\\||||\||eng\\
=FMT  \\$a  BK
=040  \\$aVaAlCD$beng$cVaAlCD$dUk
=041  \\$aeng
=245  00$aAddressing the noncommunicable disease (‎NCD)‎ burden in prisons in the WHO European Region: interventions and policy options /$cWorld Health Organization. Regional Office for Europe.
=264  \1$a[Switzerland] :$bWorld Health Organization,$c2022.
=300  \\$a1 online resource.
=336  \\$atext$2rdacontent
=337  \\$acomputer$2rdamedia
=338  \\$aonline resource$2rdacarrier
=520  3\$aThe aim of this brief is to shed light on the scale of the noncommunicable disease (‎NCD)‎ burden in prisons and the unique challenges they present for individuals and society both during and following incarceration. The brief also highlights best practices, interventions and policies to address NCDs and their risk factors in the prison context, while also noting special considerations for their implementation in specific contexts and settings.
=653  \\$aAlcoholism
=653  \\$aHealth Policy
=653  \\$aPrisons
=653  \\$aSmoking
=653  \\$aalcoholism
=653  \\$acopenhagen
=653  \\$ahealth policy
=653  \\$anoncommunicable diseases
=653  \\$aprisons
=653  \\$arisk factors
=653  \\$asmoking
=710  2\$aWorld Health Organization.
=720  \\$aWorld Health Organization. Regional Office for Europe
=856  4\$uhttps://policycommons.net/artifacts/2265826/addressing-the-noncommunicable-disease-ncd-burden-in-prisons-in-the-who-european-region/3025499/$yWorld Health Organization document$ahttps://policycommons.net/
=859  \\$aORR$bWorld Health Organization
=884  \\$aLDL ebooks tsv to marcxml transformation using XSLTtest.xsl$g20230321$qUk
=CAT  \\$aBATCH-IGO$b00$c20230402$lBLL01$h2226
=CAT  \\$aBATCH-UPD$b00$c20230402$lBLL01$h2228
=FIN  \\$aY$d20230402
=SRC  \\$aCoherent Digital WHO$bWHOrecords20230329.lex
=LAS  \\$aBATCH-UPD$b00$c20230402$lBLL01$h2228

