=LDR  02008nam a22005053i 4500
=001  021013082
=003  Uk
=005  20230402222603.0
=006  m\\\\||\\d\|\\\\\\
=007  cr\|||||||||||
=008  230321s2022\\\\sz\|||||o\\\\||||\||eng\\
=FMT  \\$a  BK
=040  \\$aVaAlCD$beng$cVaAlCD$dUk
=041  \\$aeng
=245  00$aMonitoring continuity of maternal and child health services, Indonesia /$cSiti Helmyati, Dhian P. Dipo, Insan Rekso Adiwibowo, Maria Wigati, Erri Larene Safika, Muhammad Hafizh Hariawan, Monita Destiwi, Yoga Prajanta, Mirza HS T. Penggalih, Toto Sudargo, Dewi M D. Herawati, Tiara Marthias, Masrul Masrul, Laksono Trisnantoro.
=264  \1$a[Switzerland] :$bWorld Health Organization,$c2022.
=300  \\$a1 online resource.
=336  \\$atext$2rdacontent
=337  \\$acomputer$2rdamedia
=338  \\$aonline resource$2rdacarrier
=653  \\$aResearch
=653  \\$aresearch
=700  1\$aHelmyati, Siti.
=700  1\$aDipo, Dhian P.
=700  1\$aAdiwibowo, Insan Rekso.
=700  1\$aWigati, Maria.
=700  1\$aSafika, Erri Larene.
=700  1\$aHariawan, Muhammad Hafizh.
=700  1\$aDestiwi, Monita.
=700  1\$aPrajanta, Yoga.
=700  1\$aPenggalih, Mirza HST.
=700  1\$aSudargo, Toto.
=700  1\$aHerawati, Dewi MD.
=700  1\$aMarthias, Tiara.
=700  1\$aMasrul, Masrul.
=700  1\$aTrisnantoro, Laksono.
=710  2\$aWorld Health Organization.
=856  4\$uhttps://policycommons.net/artifacts/2243051/monitoring-continuity-of-maternal-and-child-health-services-indonesia/3001198/$yWorld Health Organization document$ahttps://policycommons.net/
=859  \\$aORR$bWorld Health Organization
=884  \\$aLDL ebooks tsv to marcxml transformation using XSLTtest.xsl$g20230321$qUk
=CAT  \\$aBATCH-IGO$b00$c20230402$lBLL01$h2226
=CAT  \\$aBATCH-UPD$b00$c20230402$lBLL01$h2228
=FIN  \\$aY$d20230402
=SRC  \\$aCoherent Digital WHO$bWHOrecords20230329.lex
=LAS  \\$aBATCH-UPD$b00$c20230402$lBLL01$h2228

