=LDR  01421nam a22003973i 4500
=001  021013083
=003  Uk
=005  20230402222603.0
=006  m\\\\||\\d\|\\\\\\
=007  cr\|||||||||||
=008  230321s2022\\\\sz\|||||o\\\\||||\||eng\\
=FMT  \\$a  BK
=040  \\$aVaAlCD$beng$cVaAlCD$dUk
=041  \\$aeng
=245  00$aBenefit design: the perspective from health financing policy /$cWorld Health Organization.
=264  \1$a[Switzerland] :$bWorld Health Organization,$c2022.
=300  \\$a1 online resource.
=336  \\$atext$2rdacontent
=337  \\$acomputer$2rdamedia
=338  \\$aonline resource$2rdacarrier
=653  \\$aHealth Policy
=653  \\$ageneva
=653  \\$ahealthcare financing
=653  \\$ahealth policy
=653  \\$ainsurance coverage
=653  \\$auniversal health insurance
=710  2\$aWorld Health Organization.
=720  \\$aWorld Health Organization
=856  4\$uhttps://policycommons.net/artifacts/2276721/benefit-design/3036696/$yWorld Health Organization document$ahttps://policycommons.net/
=859  \\$aORR$bWorld Health Organization
=884  \\$aLDL ebooks tsv to marcxml transformation using XSLTtest.xsl$g20230321$qUk
=CAT  \\$aBATCH-IGO$b00$c20230402$lBLL01$h2226
=CAT  \\$aBATCH-UPD$b00$c20230402$lBLL01$h2228
=FIN  \\$aY$d20230402
=SRC  \\$aCoherent Digital WHO$bWHOrecords20230329.lex
=LAS  \\$aBATCH-UPD$b00$c20230402$lBLL01$h2228

