=LDR  01459nam a22004093i 4500
=001  021013084
=003  Uk
=005  20230402222603.0
=006  m\\\\||\\d\|\\\\\\
=007  cr\|||||||||||
=008  230321s2022\\\\sz\|||||o\\\\||||\||eng\\
=FMT  \\$a  BK
=040  \\$aVaAlCD$beng$cVaAlCD$dUk
=041  \\$aeng
=245  00$aCOVID-19 health system response monitor: Sri Lanka /$cLalini C. Rajapaksa, Padmal De Silva, Palitha Abeykoon.
=264  \1$a[Switzerland] :$bWorld Health Organization,$c2022.
=300  \\$a1 online resource.
=336  \\$atext$2rdacontent
=337  \\$acomputer$2rdamedia
=338  \\$aonline resource$2rdacarrier
=653  \\$aCOVID-19
=653  \\$aSri Lanka
=653  \\$acovid-19
=653  \\$anew delhi
=653  \\$asri lanka
=700  1\$aRajapaksa, Lalini C.
=700  1\$aDe Silva, Padmal.
=700  1\$aAbeykoon, Palitha.
=710  2\$aWorld Health Organization.
=856  4\$uhttps://policycommons.net/artifacts/2233422/covid-19-health-system-response-monitor/2991353/$yWorld Health Organization document$ahttps://policycommons.net/
=859  \\$aORR$bWorld Health Organization
=884  \\$aLDL ebooks tsv to marcxml transformation using XSLTtest.xsl$g20230321$qUk
=CAT  \\$aBATCH-IGO$b00$c20230402$lBLL01$h2226
=CAT  \\$aBATCH-UPD$b00$c20230402$lBLL01$h2228
=FIN  \\$aY$d20230402
=SRC  \\$aCoherent Digital WHO$bWHOrecords20230329.lex
=LAS  \\$aBATCH-UPD$b00$c20230402$lBLL01$h2228

