=LDR  03836nam a22006013i 4500
=001  021013085
=003  Uk
=005  20230402222603.0
=006  m\\\\||\\d\|\\\\\\
=007  cr\|||||||||||
=008  230321s2022\\\\sz\|||||o\\\\||||\||eng\\
=FMT  \\$a  BK
=040  \\$aVaAlCD$beng$cVaAlCD$dUk
=041  \\$aeng
=245  00$aStrengthening health system resilience in the COVID-19 era /$cAnna Sagan, Scott L. Greer, Erin Webb, Martin McKee, Natasha Azzopardi Muscat, Suszy Lessof, Isabel de la Mata, Josep Figueras, European Observatory on Health Systems and Policies.
=264  \1$a[Switzerland] :$bWorld Health Organization,$c2022.
=300  \\$a1 online resource.
=336  \\$atext$2rdacontent
=337  \\$acomputer$2rdamedia
=338  \\$aonline resource$2rdacarrier
=520  3\$aThe preparedness stage provides Systems and Policies, Brussels,  the greatest scope and time for action on the third stage of the shock cycle, the Belgium.
=520  3\$a Isabel de la Mata is  system absorbs the shock and, where Principal Advisor for Health and  health systems strengthening, resource consolidation and response preparation. [...] There delivery of health services to address and how that will continue to impact is however a very real risk that once the COVID-19 and other needs (see Table 1).
=520  3\$athe health system and its performance. [...] Public increasing numbers of staff.
=520  3\$areskilling health leaders were not often central to and sharing tasks and roles differently.
=520  3\$aPublic health measures were critical in decision making and alternative models to and trying to protect the health workforce reducing COVID-19 transmission and traditional public health tracing services from the worst (physical, psychological Eurohealth  -  Vol.28 .
=520  3\$a  No [...] Elements by the specific national health systems' strategies demonstrate the need for such as the distribution of skills or characteristics, including the levels of systems to build in flexibility but also how the degree of flexibility in the use of resources and organisational capacity and critical it will be to go back and check on health workers or the appropriateness their prior experiences wi [...] The availability other sectors, such as welfare, social care, Governance is critical in the ability to and distribution of resources has then to and education, or indeed from external legislate for and regulate changes: in be assessed in tandem with a review of factors - the geographic, demographic, working practices.
=520  3\$ain surge capacity.
=520  3\$athe capacity to mobilise those resources socio-economic, poli.
=653  \\$aCOVID-19
=653  \\$aHealth Services
=653  \\$acopenhagen
=653  \\$acovid-19
=653  \\$aeuropean union
=653  \\$ahealth services
=653  \\$ahealth systems plans
=700  1\$aSagan, Anna.
=700  1\$aGreer, Scott L.
=700  1\$aWebb, Erin.
=700  1\$aMcKee, Martin.
=700  1\$aMuscat, Natasha Azzopardi.
=700  1\$aLessof, Suszy.
=700  1\$ade la Mata, Isabel.
=700  1\$aFigueras, Josep.
=710  2\$aWorld Health Organization.
=720  \\$aEuropean Observatory on Health Systems and Policies
=856  4\$uhttps://policycommons.net/artifacts/2198954/strengthening-health-system-resilience-in-the-covid-19-era/2955316/$yWorld Health Organization document$ahttps://policycommons.net/
=859  \\$aORR$bWorld Health Organization
=884  \\$aLDL ebooks tsv to marcxml transformation using XSLTtest.xsl$g20230321$qUk
=CAT  \\$aBATCH-IGO$b00$c20230402$lBLL01$h2226
=CAT  \\$aBATCH-UPD$b00$c20230402$lBLL01$h2228
=FIN  \\$aY$d20230402
=SRC  \\$aCoherent Digital WHO$bWHOrecords20230329.lex
=LAS  \\$aBATCH-UPD$b00$c20230402$lBLL01$h2228

