=LDR  01439nam a22003733i 4500
=001  021013092
=003  Uk
=005  20230402222603.0
=006  m\\\\||\\d\|\\\\\\
=007  cr\|||||||||||
=008  230321s2022\\\\sz\|||||o\\\\||||\||eng\\
=FMT  \\$a  BK
=040  \\$aVaAlCD$beng$cVaAlCD$dUk
=041  \\$aeng
=245  00$aResearch on health impacts of chemical contaminants in food /$cSamira Choudhury, Antonieta Medina-Lara, Richard Smith, Nicholas Daniel.
=264  \1$a[Switzerland] :$bWorld Health Organization,$c2022.
=300  \\$a1 online resource.
=336  \\$atext$2rdacontent
=337  \\$acomputer$2rdamedia
=338  \\$aonline resource$2rdacarrier
=653  \\$aeditorials
=700  1\$aChoudhury, Samira.
=700  1\$aMedina-Lara, Antonieta.
=700  1\$aSmith, Richard.
=700  1\$aDaniel, Nicholas.
=710  2\$aWorld Health Organization.
=856  4\$uhttps://policycommons.net/artifacts/2273576/research-on-health-impacts-of-chemical-contaminants-in-food/3033449/$yWorld Health Organization document$ahttps://policycommons.net/
=859  \\$aORR$bWorld Health Organization
=884  \\$aLDL ebooks tsv to marcxml transformation using XSLTtest.xsl$g20230321$qUk
=CAT  \\$aBATCH-IGO$b00$c20230402$lBLL01$h2226
=CAT  \\$aBATCH-UPD$b00$c20230402$lBLL01$h2228
=FIN  \\$aY$d20230402
=SRC  \\$aCoherent Digital WHO$bWHOrecords20230329.lex
=LAS  \\$aBATCH-UPD$b00$c20230402$lBLL01$h2228

