=LDR  01762nam a22004453i 4500
=001  021013095
=003  Uk
=005  20230402222603.0
=006  m\\\\||\\d\|\\\\\\
=007  cr\|||||||||||
=008  230321s2022\\\\sz\|||||o\\\\||||\||eng\\
=FMT  \\$a  BK
=040  \\$aVaAlCD$beng$cVaAlCD$dUk
=041  \\$aeng
=245  00$aStandard operating procedure for determining the ability of PBO to restore susceptibility of adult mosquitoes to pyrethroid insecticides in WHO tube tests /$cWorld Health Organization.
=264  \1$a[Switzerland] :$bWorld Health Organization,$c2022.
=300  \\$a1 online resource.
=336  \\$atext$2rdacontent
=337  \\$acomputer$2rdamedia
=338  \\$aonline resource$2rdacarrier
=653  \\$abiological assay
=653  \\$adata collection
=653  \\$ageneva
=653  \\$ainsecticide resistance
=653  \\$amethods
=653  \\$amosquito control
=653  \\$amosquito vectors
=653  \\$apiperonyl butoxide
=653  \\$apyrethrins
=653  \\$astandards
=710  2\$aWorld Health Organization.
=720  \\$aWorld Health Organization
=856  4\$uhttps://policycommons.net/artifacts/2266874/standard-operating-procedure-for-determining-the-ability-of-pbo-to-restore-susceptibility-of-adult-mosquitoes-to-pyrethroid-insecticides-in-who-tube-tests/3026542/$yWorld Health Organization document$ahttps://policycommons.net/
=859  \\$aORR$bWorld Health Organization
=884  \\$aLDL ebooks tsv to marcxml transformation using XSLTtest.xsl$g20230321$qUk
=CAT  \\$aBATCH-IGO$b00$c20230402$lBLL01$h2226
=CAT  \\$aBATCH-UPD$b00$c20230402$lBLL01$h2228
=FIN  \\$aY$d20230402
=SRC  \\$aCoherent Digital WHO$bWHOrecords20230329.lex
=LAS  \\$aBATCH-UPD$b00$c20230402$lBLL01$h2228

