=LDR  03321nam a22004213i 4500
=001  021013099
=003  Uk
=005  20230402222603.0
=006  m\\\\||\\d\|\\\\\\
=007  cr\|||||||||||
=008  230321s2022\\\\sz\|||||o\\\\||||\||eng\\
=FMT  \\$a  BK
=040  \\$aVaAlCD$beng$cVaAlCD$dUk
=041  \\$aeng
=245  00$aMissed opportunities for hypertension screening: a cross-sectional study, India /$cSanjay K. Mohanty, Ashish Kumar Upadhyay, Prashant Shekhar, Fabrice Kämpfen, Owen O'Donnell, Jürgen Maurer.
=264  \1$a[Switzerland] :$bWorld Health Organization,$c2022.
=300  \\$a1 online resource.
=336  \\$atext$2rdacontent
=337  \\$acomputer$2rdamedia
=338  \\$aonline resource$2rdacarrier
=520  3\$aIntroduction In India, estimated deaths related to hypertension increased Hypertension that is undiagnosed, and so goes untreated and from 8.9% of all deaths in 1990 to 16.7% in 2018.19 With an uncontrolled, raises the risks of cardiovascular diseases and increase in the population aged 60 years or older, from 101 mil- premature death.1-3 Failure to prevent ill-health and medical lion in 2011 to 2 [...] The missed oppor- be diagnosed if opportunities to screen Table 1 shows the characteristics of all tunity proportions were higher in the and diagnose had not been missed, by included participants and of those with sociodemographic groups with a lower adding up the number of participants hypertension. [...] The stronger socioeconomic also lower for individuals who were least graphic differences in the likelihood of gradient to the disadvantage of the poor educated, younger, male, rural dwellers missed opportunities documented in the at public facilities was also evident from and in a scheduled tribe. [...] Extrapolating the results of poten- with generally higher proportions of Individuals with hypertension who tially diagnosed people with hyperten- missed opportunities in states with lower had visited a private health facility in the sion to the Indian population aged 45 proportion of diagnosis. [...] The results also suggest that the of the health-care visits reported - one Routine hypertension screening impact would be even greater if private half of participants reported within a of older adults at public and private facilities also implemented screening or if month of the interview and more than health facilities is a promising tool to people shifted their health-care utilization three quar.
=653  \\$aResearch
=653  \\$aresearch
=700  1\$aMohanty, Sanjay K.
=700  1\$aUpadhyay, Ashish Kumar.
=700  1\$aShekhar, Prashant.
=700  1\$aKämpfen, Fabrice.
=700  1\$aO'Donnell, Owen.
=700  1\$aMaurer, Jürgen.
=710  2\$aWorld Health Organization.
=856  4\$uhttps://policycommons.net/artifacts/2195495/missed-opportunities-for-hypertension-screening/2951716/$yWorld Health Organization document$ahttps://policycommons.net/
=859  \\$aORR$bWorld Health Organization
=884  \\$aLDL ebooks tsv to marcxml transformation using XSLTtest.xsl$g20230321$qUk
=CAT  \\$aBATCH-IGO$b00$c20230402$lBLL01$h2226
=CAT  \\$aBATCH-UPD$b00$c20230402$lBLL01$h2228
=FIN  \\$aY$d20230402
=SRC  \\$aCoherent Digital WHO$bWHOrecords20230329.lex
=LAS  \\$aBATCH-UPD$b00$c20230402$lBLL01$h2228

