=LDR  03296nam a22004933i 4500
=001  021013100
=003  Uk
=005  20230402222603.0
=006  m\\\\||\\d\|\\\\\\
=007  cr\|||||||||||
=008  230321s2022\\\\sz\|||||o\\\\||||\||eng\\
=FMT  \\$a  BK
=040  \\$aVaAlCD$beng$cVaAlCD$dUk
=041  \\$aeng
=245  00$aAddressing backlogs and managing waiting lists during and beyond the COVID-19 pandemic /$cEwout van Ginneken, Luigi Siciliani, Sarah Reed, Astrid Eriksen, Florian Tille, Tomas Zapata, European Observatory on Health Systems and Policies.
=264  \1$a[Switzerland] :$bWorld Health Organization,$c2022.
=300  \\$a1 online resource.
=336  \\$atext$2rdacontent
=337  \\$acomputer$2rdamedia
=338  \\$aonline resource$2rdacarrier
=520  3\$aSince then, it has decreased to 300,566 in first round of the global Pulse survey treatment September 2021 equivalent to 5.1% of the on the continuity of essential health patients on the list. [...] Cancer services have services during the COVID-19 pandemic, also been impacted: between April and estimated that 92% of a total of 48 In some countries, care activity has June 2020, only 73% of patients started countries in the WHO European Region been restored to pre-pandemic levels, cancer treatment within two months reported some service disruption, and which helps to prevent the backlog of an [...] By September 2021 performance survey with 22 countries in 2021 indicated the Netherlands, the number of hospital has declined further, with a third of lower but still high levels of disruption surgeries was restored to pre-pandemic patients waiting longer than two months (82% of countries and 26% of the same levels by July 2021 and increased to start cancer treatment following an indicative servic [...] And this is multimorbidity were often mentioned as in a 'normal' year to compensate for the in addition to the lower supply due to some factors increasing service demand and thus postponed care due to COVID-19. [...] The waiting list the size of their backlog and waiting times, (-1.5), as well as Lithuania, Poland and grows if the number of patients being and how fast these can be restored.
=653  \\$aCOVID-19
=653  \\$aHealth Services
=653  \\$acopenhagen
=653  \\$acovid-19
=653  \\$ahealthcare financing
=653  \\$ahealth services
=653  \\$ahealth workforce
=700  1\$avan Ginneken, Ewout.
=700  1\$aSiciliani, Luigi.
=700  1\$aReed, Sarah.
=700  1\$aEriksen, Astrid.
=700  1\$aTille, Florian.
=700  1\$aZapata, Tomas.
=710  2\$aWorld Health Organization.
=720  \\$aEuropean Observatory on Health Systems and Policies
=856  4\$uhttps://policycommons.net/artifacts/2198972/addressing-backlogs-and-managing-waiting-lists-during-and-beyond-the-covid-19-pandemic/2955336/$yWorld Health Organization document$ahttps://policycommons.net/
=859  \\$aORR$bWorld Health Organization
=884  \\$aLDL ebooks tsv to marcxml transformation using XSLTtest.xsl$g20230321$qUk
=CAT  \\$aBATCH-IGO$b00$c20230402$lBLL01$h2226
=CAT  \\$aBATCH-UPD$b00$c20230402$lBLL01$h2228
=FIN  \\$aY$d20230402
=SRC  \\$aCoherent Digital WHO$bWHOrecords20230329.lex
=LAS  \\$aBATCH-UPD$b00$c20230402$lBLL01$h2228

