=LDR  02983nam a22004573i 4500
=001  021013101
=003  Uk
=005  20230402222603.0
=006  m\\\\||\\d\|\\\\\\
=007  cr\|||||||||||
=008  230321s2022\\\\sz\|||||o\\\\||||\||eng\\
=FMT  \\$a  BK
=040  \\$aVaAlCD$beng$cVaAlCD$dUk
=041  \\$aeng
=245  00$aForeword /$cEuropean Observatory on Health Systems and Policies.
=264  \1$a[Switzerland] :$bWorld Health Organization,$c2022.
=300  \\$a1 online resource.
=336  \\$atext$2rdacontent
=337  \\$acomputer$2rdamedia
=338  \\$aonline resource$2rdacarrier
=520  3\$aThis unprecedented COVID-19 pandemic has at cross-border and European levels that has been caused immense human suffering and loss of life, the determining factor in the effectiveness of the and triggered a shock to the economy and labour responses provided. [...] It has particularly exposed our health To this end, the European Union has taken systems, which have had to adapt to a situation never unprecedented steps to support the Member States to before experienced. [...] While at first the Member States strengthen the resilience of their health systems, in responded to the crisis in isolation, the evolution and particular through the new EU4Health programme, cross-border impact of the health situation showed the largest EU funding programme for health ever that the action and coordination of the European with a budget of €5.3 billion and part of the EUs Union (EU) [...] The four general objectives of has proved essential to address a health threat of this this programme include improving health in the EU, magnitude. [...] This report provides an the mandates of the European Centre for Disease opportunity to look back at several of the significant Prevention and Control and the European Medicines initiatives taken, to highlight them and to draw Agency, as well as the creation of the new European inspiration from some of them in order to continue Health Emergency Response and Preparedness building the future.
=653  \\$aCOVID-19
=653  \\$aHealth Services
=653  \\$aPublic Health
=653  \\$acovid-19
=653  \\$adelivery of health care
=653  \\$aeuropean union
=653  \\$ahealth services
=653  \\$ahealth systems plans
=653  \\$ahealth workforce
=653  \\$apublic health
=710  2\$aWorld Health Organization.
=720  \\$aEuropean Observatory on Health Systems and Policies
=856  4\$uhttps://policycommons.net/artifacts/2198963/foreword/2955324/$yWorld Health Organization document$ahttps://policycommons.net/
=859  \\$aORR$bWorld Health Organization
=884  \\$aLDL ebooks tsv to marcxml transformation using XSLTtest.xsl$g20230321$qUk
=CAT  \\$aBATCH-IGO$b00$c20230402$lBLL01$h2226
=CAT  \\$aBATCH-UPD$b00$c20230402$lBLL01$h2228
=FIN  \\$aY$d20230402
=SRC  \\$aCoherent Digital WHO$bWHOrecords20230329.lex
=LAS  \\$aBATCH-UPD$b00$c20230402$lBLL01$h2228

