=LDR  01865nam a22004693i 4500
=001  021013104
=003  Uk
=005  20230402222603.0
=006  m\\\\||\\d\|\\\\\\
=007  cr\|||||||||||
=008  230321s2022\\\\sz\|||||o\\\\||||\||eng\\
=FMT  \\$a  BK
=040  \\$aVaAlCD$beng$cVaAlCD$dUk
=041  \\$aeng
=245  00$aChildhood immunization during the COVID-19 pandemic: experiences in Haiti, Lesotho, Liberia and Malawi /$cEmilia Connolly, Emma J. Boley, Donald Luke Fejfar, Prince F. Varney, Moses B. Aron, Isabel R. Fulcher, Wesler Lambert, Melino Ndayizigiye, Michael R. Law, Jean-Claude Mugunga, Bethany Hedt-Gauthier.
=264  \1$a[Switzerland] :$bWorld Health Organization,$c2022.
=300  \\$a1 online resource.
=336  \\$atext$2rdacontent
=337  \\$acomputer$2rdamedia
=338  \\$aonline resource$2rdacarrier
=653  \\$aResearch
=653  \\$aresearch
=700  1\$aConnolly, Emilia.
=700  1\$aBoley, Emma J.
=700  1\$aFejfar, Donald Luke.
=700  1\$aVarney, Prince F.
=700  1\$aAron, Moses B.
=700  1\$aFulcher, Isabel R.
=700  1\$aLambert, Wesler.
=700  1\$aNdayizigiye, Melino.
=700  1\$aLaw, Michael R.
=700  1\$aMugunga, Jean-Claude.
=700  1\$aHedt-Gauthier, Bethany.
=710  2\$aWorld Health Organization.
=856  4\$uhttps://policycommons.net/artifacts/2243047/childhood-immunization-during-the-covid-19-pandemic/3001187/$yWorld Health Organization document$ahttps://policycommons.net/
=859  \\$aORR$bWorld Health Organization
=884  \\$aLDL ebooks tsv to marcxml transformation using XSLTtest.xsl$g20230321$qUk
=CAT  \\$aBATCH-IGO$b00$c20230402$lBLL01$h2226
=CAT  \\$aBATCH-UPD$b00$c20230402$lBLL01$h2228
=FIN  \\$aY$d20230402
=SRC  \\$aCoherent Digital WHO$bWHOrecords20230329.lex
=LAS  \\$aBATCH-UPD$b00$c20230402$lBLL01$h2228

