=LDR  01888nam a22004573i 4500
=001  021013105
=003  Uk
=005  20230402222603.0
=006  m\\\\||\\d\|\\\\\\
=007  cr\|||||||||||
=008  230321s2022\\\\sz\|||||o\\\\||||\||eng\\
=FMT  \\$a  BK
=040  \\$aVaAlCD$beng$cVaAlCD$dUk
=041  \\$aeng
=245  00$aNational policy responses to maintain essential health services during the COVID-19 pandemic /$cNikki Gurley, Elan Ebeling, Ashley Bennett, Jean-Jacques Kayembe Kashondo, Victoria Ayano Ogawa, Clemence Couteau, Claire Felten, Naakesh Gomanie, Pauline Irungu, Katharine D. Shelley, Jessica C. Shearer.
=264  \1$a[Switzerland] :$bWorld Health Organization,$c2022.
=300  \\$a1 online resource.
=336  \\$atext$2rdacontent
=337  \\$acomputer$2rdamedia
=338  \\$aonline resource$2rdacarrier
=653  \\$aperspectives
=700  1\$aGurley, Nikki.
=700  1\$aEbeling, Elan.
=700  1\$aBennett, Ashley.
=700  1\$aKashondo, Jean-Jacques Kayembe.
=700  1\$aOgawa, Victoria Ayano.
=700  1\$aCouteau, Clemence.
=700  1\$aFelten, Claire.
=700  1\$aGomanie, Naakesh.
=700  1\$aIrungu, Pauline.
=700  1\$aShelley, Katharine D.
=700  1\$aShearer, Jessica C.
=710  2\$aWorld Health Organization.
=856  4\$uhttps://policycommons.net/artifacts/2243057/national-policy-responses-to-maintain-essential-health-services-during-the-covid-19-pandemic/3001223/$yWorld Health Organization document$ahttps://policycommons.net/
=859  \\$aORR$bWorld Health Organization
=884  \\$aLDL ebooks tsv to marcxml transformation using XSLTtest.xsl$g20230321$qUk
=CAT  \\$aBATCH-IGO$b00$c20230402$lBLL01$h2226
=CAT  \\$aBATCH-UPD$b00$c20230402$lBLL01$h2228
=FIN  \\$aY$d20230402
=SRC  \\$aCoherent Digital WHO$bWHOrecords20230329.lex
=LAS  \\$aBATCH-UPD$b00$c20230402$lBLL01$h2228

