=LDR  01829nam a22005053i 4500
=001  021013110
=003  Uk
=005  20230402222603.0
=006  m\\\\||\\d\|\\\\\\
=007  cr\|||||||||||
=008  230321s2022\\\\sz\|||||o\\\\||||\||eng\\
=FMT  \\$a  BK
=040  \\$aVaAlCD$beng$cVaAlCD$dUk
=041  \\$aeng
=245  00$a2021 global progress report on implementation of the WHO Framework Convention on Tobacco Control /$cWH O. Framework Convention on Tobacco Control.
=264  \1$a[Switzerland] :$bWorld Health Organization,$c2022.
=300  \\$a1 online resource.
=336  \\$atext$2rdacontent
=337  \\$acomputer$2rdamedia
=338  \\$aonline resource$2rdacarrier
=653  \\$aInternational Cooperation
=653  \\$aMarketing
=653  \\$aSmoking
=653  \\$aTobacco
=653  \\$aadverse effects
=653  \\$ageneva
=653  \\$ainternational cooperation
=653  \\$alegislation
=653  \\$amarketing
=653  \\$amortality
=653  \\$aprevention and control
=653  \\$asmoking
=653  \\$atobacco
=653  \\$atobacco industry
=653  \\$atobacco use disorder
=710  2\$aWorld Health Organization.
=720  \\$aWHO Framework Convention on Tobacco Control
=856  4\$uhttps://policycommons.net/artifacts/2238752/2021-global-progress-report-on-implementation-of-the-who-framework-convention-on-tobacco-control/2996805/$yWorld Health Organization document$ahttps://policycommons.net/
=859  \\$aORR$bWorld Health Organization
=884  \\$aLDL ebooks tsv to marcxml transformation using XSLTtest.xsl$g20230321$qUk
=CAT  \\$aBATCH-IGO$b00$c20230402$lBLL01$h2226
=CAT  \\$aBATCH-UPD$b00$c20230402$lBLL01$h2228
=FIN  \\$aY$d20230402
=SRC  \\$aCoherent Digital WHO$bWHOrecords20230329.lex
=LAS  \\$aBATCH-UPD$b00$c20230402$lBLL01$h2228

