=LDR  01859nam a22004813i 4500
=001  021013112
=003  Uk
=005  20230402222603.0
=006  m\\\\||\\d\|\\\\\\
=007  cr\|||||||||||
=008  230321s2022\\\\sz\|||||o\\\\||||\||eng\\
=FMT  \\$a  BK
=040  \\$aVaAlCD$beng$cVaAlCD$dUk
=041  \\$aeng
=245  00$aThird round of the global pulse survey on continuity of essential health services during the COVID-19 pandemic: November-December 2021: interim report, 7 February 2022 /$cWorld Health Organization.
=264  \1$a[Switzerland] :$bWorld Health Organization,$c2022.
=300  \\$a1 online resource.
=336  \\$atext$2rdacontent
=337  \\$acomputer$2rdamedia
=338  \\$aonline resource$2rdacarrier
=653  \\$aCOVID-19
=653  \\$aEmergency Medical Services
=653  \\$aEpidemics
=653  \\$abetacoronavirus
=653  \\$acovid-19
=653  \\$adelivery of health care
=653  \\$adisease outbreaks
=653  \\$aemergency medical services
=653  \\$ageneva
=653  \\$ahealth care surveys
=653  \\$ahealth services needs and demand
=653  \\$ahealth surveys
=653  \\$apandemics
=710  2\$aWorld Health Organization.
=720  \\$aWorld Health Organization
=856  4\$uhttps://policycommons.net/artifacts/2235022/third-round-of-the-global-pulse-survey-on-continuity-of-essential-health-services-during-the-covid-19-pandemic/2992952/$yWorld Health Organization document$ahttps://policycommons.net/
=859  \\$aORR$bWorld Health Organization
=884  \\$aLDL ebooks tsv to marcxml transformation using XSLTtest.xsl$g20230321$qUk
=CAT  \\$aBATCH-IGO$b00$c20230402$lBLL01$h2226
=CAT  \\$aBATCH-UPD$b00$c20230402$lBLL01$h2228
=FIN  \\$aY$d20230402
=SRC  \\$aCoherent Digital WHO$bWHOrecords20230329.lex
=LAS  \\$aBATCH-UPD$b00$c20230402$lBLL01$h2228

