=LDR  03186nam a22004213i 4500
=001  021013119
=003  Uk
=005  20230402222603.0
=006  m\\\\||\\d\|\\\\\\
=007  cr\|||||||||||
=008  230321s2022\\\\sz\|||||o\\\\||||\||eng\\
=FMT  \\$a  BK
=040  \\$aVaAlCD$beng$cVaAlCD$dUk
=041  \\$aeng
=245  00$aWeekly Bulletin on Outbreak and other Emergencies: Week 4: 17 - 23 January 2022 /$cWorld Health Organization. Regional Office for Africa.
=264  \1$a[Switzerland] :$bWorld Health Organization,$c2022.
=300  \\$a1 online resource.
=336  \\$atext$2rdacontent
=337  \\$acomputer$2rdamedia
=338  \\$aonline resource$2rdacarrier
=520  3\$aThe high-risk for a landslide and other damages as a result of this 1st and 4th districts of the city of Antananarivo recorded the request and the amount of damage caused to households, largest number of affected families with a proportion of 36.0% many people have been displaced and have sought shelter and 38.0% respectively, identified at the accommodation sites. [...] Other countries reporting health worker infections are shown in Table Nearly all countries (92.0%) reported a decrease of 20% or more 1. The United Republic of Tanzania (10.3%), Algeria (5.0%), in the number of new cases (Table 1), while only Algeria saw Liberia (5.0%), Chad (4.2%), and Niger (4.2%) have the highest a 20% or more increase in weekly cases compared to the past proportion of health w [...] An additional 493 new health worker infections were reported Go to overview 3 Go to map of the outbreaks Health Emergency Information and Risk Assessment Health Emergency Information and Risk Assessment Cases continue to drop as Africa's fourth COVID-19 wave fades The weekly distribution of confirmed cases of COVID-19 in the WHO African Region by week of reporting, 25 February 2020 - 23 January 20 [...] Several households have been affected particularly in the lower districts of the capital linked to the floods and households have been displaced in the upper town due to the risk of landslides. [...] The tropical depression is evolving in districts north of the capital, and bringing back continuous rains in several districts in the vicinity including the District of Antananarivo (Commune Urbaine d'Antananarivo-CUA) so there is still a risk of rising waters and landslides.
=653  \\$aCholera
=653  \\$aCOVID-19
=653  \\$aFloods
=653  \\$abrazzaville
=653  \\$acholera
=653  \\$acovid-19
=653  \\$afloods
=710  2\$aWorld Health Organization.
=720  \\$aWorld Health Organization. Regional Office for Africa
=856  4\$uhttps://policycommons.net/artifacts/2215420/weekly-bulletin-on-outbreak-and-other-emergencies/2972364/$yWorld Health Organization document$ahttps://policycommons.net/
=859  \\$aORR$bWorld Health Organization
=884  \\$aLDL ebooks tsv to marcxml transformation using XSLTtest.xsl$g20230321$qUk
=CAT  \\$aBATCH-IGO$b00$c20230402$lBLL01$h2226
=CAT  \\$aBATCH-UPD$b00$c20230402$lBLL01$h2229
=FIN  \\$aY$d20230402
=SRC  \\$aCoherent Digital WHO$bWHOrecords20230329.lex
=LAS  \\$aBATCH-UPD$b00$c20230402$lBLL01$h2229

