=LDR  02593nam a22003373i 4500
=001  021013120
=003  Uk
=005  20230402222603.0
=006  m\\\\||\\d\|\\\\\\
=007  cr\|||||||||||
=008  230321s2022\\\\sz\|||||o\\\\||||\||eng\\
=FMT  \\$a  BK
=040  \\$aVaAlCD$beng$cVaAlCD$dUk
=041  \\$aeng
=245  00$aGrowing vegetables on frozen ground.
=264  \1$a[Switzerland] :$bWorld Health Organization,$c2022.
=300  \\$a1 online resource.
=336  \\$atext$2rdacontent
=337  \\$acomputer$2rdamedia
=338  \\$aonline resource$2rdacarrier
=520  3\$aIf it were not for the greenhouse, the According to Yevsikova, the driving solutions instead of soil), the plants can 350 000 residents of Yakutsk would be a force behind Sayuri, as the greenhouse be grown all year round. [...] The jump in output reflects in −8.8° C, making it the coldest city in ensuring that the local population got part a significant increase in capacity. [...] The source started inside the greenhouse must be a con- ' to change in 2016 when the Yakutsk stant 24° C with 100% humidity, so the city administration and Yakutsk-based build-up of condensation was a real But not the only one. [...] According to Ivanov, the private initiatives, such as the Sayuri 'We were happy to work with the film, which is supplied by Asahi Glass, a project, while some have started out Japanese,' says Yevdokia Yevsikova, first Japanese corporation, has non-stick and as private and have then attracted state deputy chairwoman of the Yakutsk city self-cleaning properties and is expected support in various for [...] WHO's recommendation of around merchants across the city, but the bulk is According to Rospotrebnadzor, the 146 kilos of fruit and vegetables per sent to local schools and kindergartens, federal agency responsible for moni- year.' fully covering their nutritional require- toring and protecting citizens' health, According to Yevsikova, one reason ments, according to Everstova.
=653  \\$anews
=710  2\$aWorld Health Organization.
=856  4\$uhttps://policycommons.net/artifacts/2195435/growing-vegetables-on-frozen-ground/2951774/$yWorld Health Organization document$ahttps://policycommons.net/
=859  \\$aORR$bWorld Health Organization
=884  \\$aLDL ebooks tsv to marcxml transformation using XSLTtest.xsl$g20230321$qUk
=CAT  \\$aBATCH-IGO$b00$c20230402$lBLL01$h2226
=CAT  \\$aBATCH-UPD$b00$c20230402$lBLL01$h2229
=FIN  \\$aY$d20230402
=SRC  \\$aCoherent Digital WHO$bWHOrecords20230329.lex
=LAS  \\$aBATCH-UPD$b00$c20230402$lBLL01$h2229

