=LDR  02362nam a22006013i 4500
=001  021013124
=003  Uk
=005  20230402222603.0
=006  m\\\\||\\d\|\\\\\\
=007  cr\|||||||||||
=008  230321s2022\\\\sz\|||||o\\\\||||\||eng\\
=FMT  \\$a  BK
=040  \\$aVaAlCD$beng$cVaAlCD$dUk
=041  \\$aeng
=245  00$aUse of SARS-CoV-2 antigen-detection rapid diagnostic tests for COVID-19 self-testing: interim guidance, 9 March 2022: web annex B: COVID-19 self-testing using antigen rapid diagnostic tests: feasibility evaluation among health-care workers and general population in Malawi and Zimbabwe /$cEuphemia Sibanda, Augustine Talumba Choko, Connie Watadzaushe, Madalo Mukoka, Moses Kumwenda, Florence Abok, Elizabeth L. Corbett, Elena Ivanova.
=264  \1$a[Switzerland] :$bWorld Health Organization,$c2022.
=300  \\$a1 online resource.
=336  \\$atext$2rdacontent
=337  \\$acomputer$2rdamedia
=338  \\$aonline resource$2rdacarrier
=653  \\$aCOVID-19
=653  \\$aMalawi
=653  \\$aZimbabwe
=653  \\$abetacoronavirus
=653  \\$acovid-19
=653  \\$acovid-19 testing
=653  \\$adiagnosis
=653  \\$adiagnostic tests, routine
=653  \\$adisease outbreaks
=653  \\$ageneva
=653  \\$aguidelines as topic
=653  \\$amalawi
=653  \\$areagent kits, diagnostic
=653  \\$aself-testing
=653  \\$asensitivity and specificity
=653  \\$azimbabwe
=700  1\$aSibanda, Euphemia.
=700  1\$aChoko, Augustine Talumba.
=700  1\$aWatadzaushe, Connie.
=700  1\$aMukoka, Madalo.
=700  1\$aKumwenda, Moses.
=700  1\$aAbok, Florence.
=700  1\$aCorbett, Elizabeth L.
=700  1\$aIvanova, Elena.
=710  2\$aWorld Health Organization.
=856  4\$uhttps://policycommons.net/artifacts/2270225/use-of-sars-cov-2-antigen-detection-rapid-diagnostic-tests-for-covid-19-self-testing/3030039/$yWorld Health Organization document$ahttps://policycommons.net/
=859  \\$aORR$bWorld Health Organization
=884  \\$aLDL ebooks tsv to marcxml transformation using XSLTtest.xsl$g20230321$qUk
=CAT  \\$aBATCH-IGO$b00$c20230402$lBLL01$h2226
=CAT  \\$aBATCH-UPD$b00$c20230402$lBLL01$h2229
=FIN  \\$aY$d20230402
=SRC  \\$aCoherent Digital WHO$bWHOrecords20230329.lex
=LAS  \\$aBATCH-UPD$b00$c20230402$lBLL01$h2229

