=LDR  03636nam a22004213i 4500
=001  021013127
=003  Uk
=005  20230402222604.0
=006  m\\\\||\\d\|\\\\\\
=007  cr\|||||||||||
=008  230321s2022\\\\sz\|||||o\\\\||||\||rus\\
=FMT  \\$a  BK
=040  \\$aVaAlCD$beng$cVaAlCD$dUk
=041  \\$arus
=245  00$aЕвропейский региональный технический брифинг ВОЗ. Реабилитация после COVID-19: что нам известно, и какими ресурсами мы располагаем. Виртуальное совещание, организованное Европейским региональным бюро ВОЗ /$cВсемирная организация здравоохранения. Европейское региональное бюро.
=264  \1$a[Switzerland] :$bWorld Health Organization,$c2022.
=300  \\$a1 online resource.
=336  \\$atext$2rdacontent
=337  \\$acomputer$2rdamedia
=338  \\$aonline resource$2rdacarrier
=520  3\$aНастоящий технический брифинг был организован с целью предоставить государствам-членам Европейского региона ВОЗ информацию и ресурсы по вопросам реабилитации после перенесенной инфекции COVID-19. Участникам брифинга были представлены общие сведения о важности реабилитации после COVID-19, обзор моделей реабилитационных услуг для оказания помощи лицам, перенесшим COVID-19, включая примеры из практики ряда государств-членов. Постковидный синдром, получивший и другое название: «затяжной ковид», был рассмотрен также с позиций пациентов, в частности была подчеркнута важность участия пациентов в планировании научных исследований. Под эгидой ВОЗ разработаны многочисленные информационные ресурсы по вопросам реабилитации после COVID-19 для различных категорий заинтересованных сторон, и Организация готова к оказанию необходимой поддержки государствам-членам.
=653  \\$aCOVID-19
=653  \\$aPatients
=653  \\$acovid-19
=653  \\$apatient care
=653  \\$apatients
=653  \\$arehabilitation
=653  \\$aкопенгаген
=710  2\$aWorld Health Organization.
=720  \\$aВсемирная организация здравоохранения. Европейское региональное бюро
=856  4\$uhttps://policycommons.net/artifacts/2195489/evropeiskii-regionalnyi-tekhnicheskii-brifing-voz-reabilitatsiia-posle-covid-19/2951850/$yWorld Health Organization document$ahttps://policycommons.net/
=859  \\$aORR$bWorld Health Organization
=884  \\$aLDL ebooks tsv to marcxml transformation using XSLTtest.xsl$g20230321$qUk
=CAT  \\$aBATCH-IGO$b00$c20230402$lBLL01$h2226
=CAT  \\$aBATCH-UPD$b00$c20230402$lBLL01$h2229
=FIN  \\$aY$d20230402
=SRC  \\$aCoherent Digital WHO$bWHOrecords20230329.lex
=LAS  \\$aBATCH-UPD$b00$c20230402$lBLL01$h2229

