=LDR  01798nam a22004573i 4500
=001  021013129
=003  Uk
=005  20230402222604.0
=006  m\\\\||\\d\|\\\\\\
=007  cr\|||||||||||
=008  230321s2022\\\\sz\|||||o\\\\||||\||fre\\
=FMT  \\$a  BK
=040  \\$aVaAlCD$beng$cVaAlCD$dUk
=041  \\$afre
=245  00$aCommuniquer sur les risques liés aux rayonnements en imagerie pédiatrique : informations pour faciliter le dialogue sur les bénéfices et les risques entre professionnels et patients /$cOrganisation mondiale de la Santé.
=264  \1$a[Switzerland] :$bWorld Health Organization,$c2022.
=300  \\$a1 online resource.
=336  \\$atext$2rdacontent
=337  \\$acomputer$2rdamedia
=338  \\$aonline resource$2rdacarrier
=653  \\$aInformed Consent
=653  \\$aPediatrics
=653  \\$adiagnostic imaging
=653  \\$a[‎france]‎
=653  \\$ainformed consent
=653  \\$apatient education as topic
=653  \\$apediatrics
=653  \\$aprevention and control
=653  \\$aradiation exposure
=653  \\$aradiation injuries
=653  \\$arisk factors
=710  2\$aWorld Health Organization.
=720  \\$aOrganisation mondiale de la Santé
=856  4\$uhttps://policycommons.net/artifacts/2273599/communiquer-sur-les-risques-lies-aux-rayonnements-en-imagerie-pediatrique/3033446/$yWorld Health Organization document$ahttps://policycommons.net/
=859  \\$aORR$bWorld Health Organization
=884  \\$aLDL ebooks tsv to marcxml transformation using XSLTtest.xsl$g20230321$qUk
=CAT  \\$aBATCH-IGO$b00$c20230402$lBLL01$h2226
=CAT  \\$aBATCH-UPD$b00$c20230402$lBLL01$h2229
=FIN  \\$aY$d20230402
=SRC  \\$aCoherent Digital WHO$bWHOrecords20230329.lex
=LAS  \\$aBATCH-UPD$b00$c20230402$lBLL01$h2229

