=LDR  01628nam a22004453i 4500
=001  021013138
=003  Uk
=005  20230402222604.0
=006  m\\\\||\\d\|\\\\\\
=007  cr\|||||||||||
=008  230321s2022\\\\sz\|||||o\\\\||||\||eng\\
=FMT  \\$a  BK
=040  \\$aVaAlCD$beng$cVaAlCD$dUk
=245  00$aHealth and climate change: country profile 2022: Israel /$cWorld Health Organization, United Nations Framework Convention on Climate Change.
=264  \1$a[Switzerland] :$bWorld Health Organization,$c2022.
=300  \\$a1 online resource.
=336  \\$atext$2rdacontent
=337  \\$acomputer$2rdamedia
=338  \\$aonline resource$2rdacarrier
=653  \\$aClimate
=653  \\$aClimate Change
=653  \\$aEnvironmental Health
=653  \\$aIsrael
=653  \\$aclimate
=653  \\$aclimate change
=653  \\$aenvironmental health
=653  \\$ageneva
=653  \\$aisrael
=653  \\$anational health programs
=710  2\$aWorld Health Organization.
=720  \\$aWorld Health Organization
=720  \\$aUnited Nations Framework Convention on Climate Change
=856  4\$uhttps://policycommons.net/artifacts/2391471/health-and-climate-change/3412927/$yWorld Health Organization document$ahttps://policycommons.net/
=859  \\$aORR$bWorld Health Organization
=884  \\$aLDL ebooks tsv to marcxml transformation using XSLTtest.xsl$g20230321$qUk
=CAT  \\$aBATCH-IGO$b00$c20230402$lBLL01$h2226
=CAT  \\$aBATCH-UPD$b00$c20230402$lBLL01$h2229
=FIN  \\$aY$d20230402
=SRC  \\$aCoherent Digital WHO$bWHOrecords20230329.lex
=LAS  \\$aBATCH-UPD$b00$c20230402$lBLL01$h2229

