=LDR  02968nam a22004933i 4500
=001  021013144
=003  Uk
=005  20230402222604.0
=006  m\\\\||\\d\|\\\\\\
=007  cr\|||||||||||
=008  230321s2022\\\\sz\|||||o\\\\||||\||fre\\
=FMT  \\$a  BK
=040  \\$aVaAlCD$beng$cVaAlCD$dUk
=041  \\$afre
=245  00$aGestion du retard accumulé et des listes d'attente durant et après la pandémie de COVID-19 /$cEwout van Ginneken, Luigi Siciliani, Sarah Reed, Astrid Eriksen, Florian Tille, Tomas Zapata, l'Observatoire européen des systèmes et des politiques de santé.
=264  \1$a[Switzerland] :$bWorld Health Organization,$c2022.
=300  \\$a1 online resource.
=336  \\$atext$2rdacontent
=337  \\$acomputer$2rdamedia
=338  \\$aonline resource$2rdacarrier
=520  3\$aPour les chirurgies programmées, comme une prothèse de conseiller régional pour le personnel  à déprogrammer les interventions non soignant et les prestations de  urgentes (programmées) afin de conserver hanche ou de genou, le retard accumulé services, Bureau régional pour  dans la prise en charge représente pour les l'Europe de l'Organisation mondiale  les capacités d'accueil pour les patients de [...] En septembre 2021, de l'augmentation du retard accumulé de leur retard accumulé et de leurs la situation s'est encore dégradée avec un et affectent la capacité des systèmes de temps d'attente, ainsi que la vitesse à tiers des patients qui ont attendu plus de santé à répondre au décalage entre offre et laquelle ceux-ci peuvent se résorber. [...] Cela implique que la même quantité de ressources permet aujourd'hui De plus, l'état de santé de la population Les listes et les temps d'attente sont des de générer une offre moindre.
=653  \\$aCOVID-19
=653  \\$aHealth Services
=653  \\$acopenhague
=653  \\$acovid-19
=653  \\$ahealthcare financing
=653  \\$ahealth services
=653  \\$ahealth workforce
=700  1\$avan Ginneken, Ewout.
=700  1\$aSiciliani, Luigi.
=700  1\$aReed, Sarah.
=700  1\$aEriksen, Astrid.
=700  1\$aTille, Florian.
=700  1\$aZapata, Tomas.
=710  2\$aWorld Health Organization.
=720  \\$al'Observatoire européen des systèmes et des politiques de santé
=856  4\$uhttps://policycommons.net/artifacts/2198967/gestion-du-retard-accumule-et-des-listes-dattente-durant-et-apres-la-pandemie-de-covid-19/2955327/$yWorld Health Organization document$ahttps://policycommons.net/
=859  \\$aORR$bWorld Health Organization
=884  \\$aLDL ebooks tsv to marcxml transformation using XSLTtest.xsl$g20230321$qUk
=CAT  \\$aBATCH-IGO$b00$c20230402$lBLL01$h2226
=CAT  \\$aBATCH-UPD$b00$c20230402$lBLL01$h2229
=FIN  \\$aY$d20230402
=SRC  \\$aCoherent Digital WHO$bWHOrecords20230329.lex
=LAS  \\$aBATCH-UPD$b00$c20230402$lBLL01$h2229

