=LDR  01983nam a22004213i 4500
=001  021013146
=003  Uk
=005  20230402222604.0
=006  m\\\\||\\d\|\\\\\\
=007  cr\|||||||||||
=008  230321s2022\\\\sz\|||||o\\\\||||\||rus\\
=FMT  \\$a  BK
=040  \\$aVaAlCD$beng$cVaAlCD$dUk
=041  \\$arus
=245  00$aОтчет о семьдесят первой сессии Европейского регионального комитета ВОЗ: Виртуальная сессия, 13-15 сентября 2021 г /$cсемьдесят первая сессия: виртуальная сессия, 13-15 сентября 2021 г Европейский региональный комитет.
=264  \1$a[Switzerland] :$bWorld Health Organization,$c2022.
=300  \\$a1 online resource.
=336  \\$atext$2rdacontent
=337  \\$acomputer$2rdamedia
=338  \\$aonline resource$2rdacarrier
=520  3\$a151 c.
=653  \\$aEurope
=653  \\$aHealth Policy
=653  \\$aeurope
=653  \\$ahealth policy
=653  \\$ahealth priorities
=653  \\$aregional health planning
=653  \\$aкопенгаген
=710  2\$aWorld Health Organization.
=720  \\$aЕвропейский региональный комитет, семьдесят первая сессия: виртуальная сессия, 13-15 сентября 2021 г
=856  4\$uhttps://policycommons.net/artifacts/2233428/otchet-o-semdesiat-pervoi-sessii-evropeiskogo-regionalnogo-komiteta-voz/2991355/$yWorld Health Organization document$ahttps://policycommons.net/
=859  \\$aORR$bWorld Health Organization
=884  \\$aLDL ebooks tsv to marcxml transformation using XSLTtest.xsl$g20230321$qUk
=CAT  \\$aBATCH-IGO$b00$c20230402$lBLL01$h2226
=CAT  \\$aBATCH-UPD$b00$c20230402$lBLL01$h2229
=FIN  \\$aY$d20230402
=SRC  \\$aCoherent Digital WHO$bWHOrecords20230329.lex
=LAS  \\$aBATCH-UPD$b00$c20230402$lBLL01$h2229

