=LDR  01453nam a22003733i 4500
=001  021013152
=003  Uk
=005  20230402222604.0
=006  m\\\\||\\d\|\\\\\\
=007  cr\|||||||||||
=008  230321s2022\\\\sz\|||||o\\\\||||\||eng\\
=FMT  \\$a  BK
=040  \\$aVaAlCD$beng$cVaAlCD$dUk
=245  00$a'Too much, too late': data on stillbirths to improve interpretation of caesarean section rates /$cSiem Zethof, Aliki Christou, Lenka Benova, Jos van Roosmalen, Thomas van den Akker.
=264  \1$a[Switzerland] :$bWorld Health Organization,$c2022.
=300  \\$a1 online resource.
=336  \\$atext$2rdacontent
=337  \\$acomputer$2rdamedia
=338  \\$aonline resource$2rdacarrier
=653  \\$aperspectives
=700  1\$aZethof, Siem.
=700  1\$aChristou, Aliki.
=700  1\$aBenova, Lenka.
=700  1\$avan Roosmalen, Jos.
=700  1\$avan den Akker, Thomas.
=710  2\$aWorld Health Organization.
=856  4\$uhttps://policycommons.net/artifacts/2298226/too-much-too-late/3058686/$yWorld Health Organization document$ahttps://policycommons.net/
=859  \\$aORR$bWorld Health Organization
=884  \\$aLDL ebooks tsv to marcxml transformation using XSLTtest.xsl$g20230321$qUk
=CAT  \\$aBATCH-IGO$b00$c20230402$lBLL01$h2226
=CAT  \\$aBATCH-UPD$b00$c20230402$lBLL01$h2229
=FIN  \\$aY$d20230402
=SRC  \\$aCoherent Digital WHO$bWHOrecords20230329.lex
=LAS  \\$aBATCH-UPD$b00$c20230402$lBLL01$h2229

