=LDR  01948nam a22004693i 4500
=001  021013153
=003  Uk
=005  20230402222604.0
=006  m\\\\||\\d\|\\\\\\
=007  cr\|||||||||||
=008  230321s2022\\\\sz\|||||o\\\\||||\||eng\\
=FMT  \\$a  BK
=040  \\$aVaAlCD$beng$cVaAlCD$dUk
=245  00$aScreening for Hepatitis B in partners and children of women positive for surface antigen, Burkina Faso /$cRémi Kaboré, Yusuke Shimakawa, Eric Nagaonlé Somé, Dramane Kania, Amandine Pisoni, Nicolas Nagot, Rachel King, Roger Sombié, Nicolas Meda, Philippe Van de Perre, Edouard Tuaillon, Alice Nanelin Guingané.
=264  \1$a[Switzerland] :$bWorld Health Organization,$c2022.
=300  \\$a1 online resource.
=336  \\$atext$2rdacontent
=337  \\$acomputer$2rdamedia
=338  \\$aonline resource$2rdacarrier
=653  \\$aResearch
=653  \\$aresearch
=700  1\$aKaboré, Rémi.
=700  1\$aShimakawa, Yusuke.
=700  1\$aSomé, Eric Nagaonlé.
=700  1\$aKania, Dramane.
=700  1\$aPisoni, Amandine.
=700  1\$aNagot, Nicolas.
=700  1\$aKing, Rachel.
=700  1\$aSombié, Roger.
=700  1\$aMeda, Nicolas.
=700  1\$aVan de Perre, Philippe.
=700  1\$aTuaillon, Edouard.
=710  2\$aWorld Health Organization.
=720  \\$aGuingané, Alice Nanelin
=856  4\$uhttps://policycommons.net/artifacts/2298219/screening-for-hepatitis-b-in-partners-and-children-of-women-positive-for-surface-antigen-burkina-faso/3058705/$yWorld Health Organization document$ahttps://policycommons.net/
=859  \\$aORR$bWorld Health Organization
=884  \\$aLDL ebooks tsv to marcxml transformation using XSLTtest.xsl$g20230321$qUk
=CAT  \\$aBATCH-IGO$b00$c20230402$lBLL01$h2226
=CAT  \\$aBATCH-UPD$b00$c20230402$lBLL01$h2229
=FIN  \\$aY$d20230402
=SRC  \\$aCoherent Digital WHO$bWHOrecords20230329.lex
=LAS  \\$aBATCH-UPD$b00$c20230402$lBLL01$h2229

