=LDR  04049nam a22005173i 4500
=001  021013157
=003  Uk
=005  20230402222604.0
=006  m\\\\||\\d\|\\\\\\
=007  cr\|||||||||||
=008  230321s2022\\\\sz\|||||o\\\\||||\||fre\\
=FMT  \\$a  BK
=040  \\$aVaAlCD$beng$cVaAlCD$dUk
=041  \\$afre
=245  00$aRenforcer la résilience des systèmes de santé à l'ère de la COVID-19 /$cAnna Sagan, Scott L.Greer, Erin Webb, Martin McKee, Natasha Azzopardi Muscat, Suszy Lessof, Isabel de la Mata, Josep Figueras, l'Observatoire européen des systèmes et politiques de santé.
=264  \1$a[Switzerland] :$bWorld Health Organization,$c2022.
=300  \\$a1 online resource.
=336  \\$atext$2rdacontent
=337  \\$acomputer$2rdamedia
=338  \\$aonline resource$2rdacarrier
=520  3\$aLes stratégies, comme En effet, la pandémie de la COVID-19 a les fonctions du système de santé elles- démontré que la résilience des systèmes Quelles ont été les principales mêmes, sont étroitement liées et dépendent de santé est bien plus que de la préparation les unes des autres. [...] Les pays peuvent stratégies qui ont eu une influence avoir plus (ou moins) de ressources sur la résilience pendant la pandémie de la COVID-19 ? Le but ultime de ces stratégies est de existantes pour répondre à une crise - maintenir une double prestation de plus (ou moins) de professionnels, de Dans son étude : « La résilience des services en matière de prévention et laboratoires d'analyses médical [...] Des éléments requalifier et de répartir différemment pouvoir légiférer et encadrer les tels que la répartition des compétences les tâches et les rôles, et d'essayer de changements: dans les pratiques de travail, ou la flexibilité dans le recours aux protéger le personnel de santé des pires dans la capacité de mobilisation et dans professionnels de santé ou la pertinence contraintes (physiques, psy [...] Le maintien des services de soin et de pays dotés d'un pilotage solide de leur santé publique, ainsi que la préservation système de santé ont été les mieux placés En ce qui concerne la gouvernance, la des ressources humaines qui les pour promouvoir la transparence et la pandémie a mis en évidence la nécessité de fournissent ont été soutenus par les responsabilité, et mener une politique tirer les [...] Les réponses des systèmes de santé (HERA, Autorité de préparation et de une approche holistique, allant au-delà sont influencées par leurs caractéristiques réaction aux urgences sanitaires - sur du renforcement des systèmes de santé spécifiques à chaque Etat, y compris le modèle de la Advanced Research et intégrant d'autres systèmes et les les niveaux de ressources et de capacité and Development A.
=653  \\$aCOVID-19
=653  \\$aHealth Services
=653  \\$acopenhague
=653  \\$acovid-19
=653  \\$aeuropean union
=653  \\$ahealth services
=653  \\$ahealth systems plans
=700  1\$aSagan, Anna.
=700  1\$aL.Greer, Scott.
=700  1\$aWebb, Erin.
=700  1\$aMcKee, Martin.
=700  1\$aMuscat, Natasha Azzopardi.
=700  1\$aLessof, Suszy.
=700  1\$ade la Mata, Isabel.
=700  1\$aFigueras, Josep.
=710  2\$aWorld Health Organization.
=720  \\$al'Observatoire européen des systèmes et politiques de santé
=856  4\$uhttps://policycommons.net/artifacts/2198969/renforcer-la-resilience-des-systemes-de-sante-a-lere-de-la-covid-19/2955330/$yWorld Health Organization document$ahttps://policycommons.net/
=859  \\$aORR$bWorld Health Organization
=884  \\$aLDL ebooks tsv to marcxml transformation using XSLTtest.xsl$g20230321$qUk
=CAT  \\$aBATCH-IGO$b00$c20230402$lBLL01$h2226
=CAT  \\$aBATCH-UPD$b00$c20230402$lBLL01$h2229
=FIN  \\$aY$d20230402
=SRC  \\$aCoherent Digital WHO$bWHOrecords20230329.lex
=LAS  \\$aBATCH-UPD$b00$c20230402$lBLL01$h2229

