=LDR  01812nam a22004573i 4500
=001  021013164
=003  Uk
=005  20230402222604.0
=006  m\\\\||\\d\|\\\\\\
=007  cr\|||||||||||
=008  230321s2022\\\\sz\|||||o\\\\||||\||por\\
=FMT  \\$a  BK
=040  \\$aVaAlCD$beng$cVaAlCD$dUk
=041  \\$apor
=245  00$aRelatório de situação de 2020 sobre a prevenção da violência contra as crianças na região Africana da OMS /$cOrganização Mundial da Saúde. Escritório Regional para a África.
=264  \1$a[Switzerland] :$bWorld Health Organization,$c2022.
=300  \\$a1 online resource.
=336  \\$atext$2rdacontent
=337  \\$acomputer$2rdamedia
=338  \\$aonline resource$2rdacarrier
=653  \\$aChild Health
=653  \\$aChild Welfare
=653  \\$aDomestic Violence
=653  \\$aViolence
=653  \\$abrazzaville
=653  \\$achild health
=653  \\$achild welfare
=653  \\$adomestic violence
=653  \\$aexposure to violence
=653  \\$ainterpersonal relations
=653  \\$aviolence
=710  2\$aWorld Health Organization.
=720  \\$aOrganização Mundial da Saúde. Escritório Regional para a África
=856  4\$uhttps://policycommons.net/artifacts/2275013/relatorio-de-situacao-de-2020-sobre-a-prevencao-da-violencia-contra-as-criancas-na-regiao-africana-da-oms/3034988/$yWorld Health Organization document$ahttps://policycommons.net/
=859  \\$aORR$bWorld Health Organization
=884  \\$aLDL ebooks tsv to marcxml transformation using XSLTtest.xsl$g20230321$qUk
=CAT  \\$aBATCH-IGO$b00$c20230402$lBLL01$h2226
=CAT  \\$aBATCH-UPD$b00$c20230402$lBLL01$h2229
=FIN  \\$aY$d20230402
=SRC  \\$aCoherent Digital WHO$bWHOrecords20230329.lex
=LAS  \\$aBATCH-UPD$b00$c20230402$lBLL01$h2229

