=LDR  01740nam a22003973i 4500
=001  021013168
=003  Uk
=005  20230402222604.0
=006  m\\\\||\\d\|\\\\\\
=007  cr\|||||||||||
=008  230321s2022\\\\sz\|||||o\\\\||||\||eng\\
=FMT  \\$a  BK
=040  \\$aVaAlCD$beng$cVaAlCD$dUk
=245  00$aMessage from Dr Ahmed Al-Mandhari Regional Director WHO Eastern Mediterranean Region on the occasion of World Immunization Week, 24-30 April 2022 /$cWorld Health Organization. Regional Office for the Eastern Mediterranean.
=264  \1$a[Switzerland] :$bWorld Health Organization,$c2022.
=300  \\$a1 online resource.
=336  \\$atext$2rdacontent
=337  \\$acomputer$2rdamedia
=338  \\$aonline resource$2rdacarrier
=653  \\$aCommunicable Diseases
=653  \\$aImmunization
=653  \\$acairo
=653  \\$acommunicable diseases
=653  \\$aglobal health
=653  \\$aimmunization
=653  \\$aworld health organization
=710  2\$aWorld Health Organization.
=720  \\$aWorld Health Organization. Regional Office for the Eastern Mediterranean
=856  4\$uhttps://policycommons.net/artifacts/2369774/message-from-dr-ahmed-al-mandhari-regional-director-who-eastern-mediterranean-region-on-the-occasion-of-world-immunization-week-24-30-april-2022/3390792/$yWorld Health Organization document$ahttps://policycommons.net/
=859  \\$aORR$bWorld Health Organization
=884  \\$aLDL ebooks tsv to marcxml transformation using XSLTtest.xsl$g20230321$qUk
=CAT  \\$aBATCH-IGO$b00$c20230402$lBLL01$h2226
=CAT  \\$aBATCH-UPD$b00$c20230402$lBLL01$h2229
=FIN  \\$aY$d20230402
=SRC  \\$aCoherent Digital WHO$bWHOrecords20230329.lex
=LAS  \\$aBATCH-UPD$b00$c20230402$lBLL01$h2229

