=LDR  01744nam a22004213i 4500
=001  021013170
=003  Uk
=005  20230402222604.0
=006  m\\\\||\\d\|\\\\\\
=007  cr\|||||||||||
=008  230321s2022\\\\sz\|||||o\\\\||||\||eng\\
=FMT  \\$a  BK
=040  \\$aVaAlCD$beng$cVaAlCD$dUk
=245  00$aKit de herramientas de la OMS para la evaluación de riesgos que afectan a la salud humana: peligros químicos /$cOrganización Mundial de la Salud, Programa Internacional sobre Seguridad de las Sustancias Químicas.
=264  \1$a[Switzerland] :$bWorld Health Organization,$c2022.
=300  \\$a1 online resource.
=336  \\$atext$2rdacontent
=337  \\$acomputer$2rdamedia
=338  \\$aonline resource$2rdacarrier
=653  \\$aRisk Assessment
=653  \\$aToxicology
=653  \\$aenvironmental exposure
=653  \\$aginebra
=653  \\$ahazardous substances
=653  \\$arisk assessment
=653  \\$atoxicity
=653  \\$atoxicology
=710  2\$aWorld Health Organization.
=720  \\$aOrganización Mundial de la Salud
=720  \\$aPrograma Internacional sobre Seguridad de las Sustancias Químicas
=856  4\$uhttps://policycommons.net/artifacts/2391468/kit-de-herramientas-de-la-oms-para-la-evaluacion-de-riesgos-que-afectan-a-la-salud-humana/3412894/$yWorld Health Organization document$ahttps://policycommons.net/
=859  \\$aORR$bWorld Health Organization
=884  \\$aLDL ebooks tsv to marcxml transformation using XSLTtest.xsl$g20230321$qUk
=CAT  \\$aBATCH-IGO$b00$c20230402$lBLL01$h2226
=CAT  \\$aBATCH-UPD$b00$c20230402$lBLL01$h2229
=FIN  \\$aY$d20230402
=SRC  \\$aCoherent Digital WHO$bWHOrecords20230329.lex
=LAS  \\$aBATCH-UPD$b00$c20230402$lBLL01$h2229

