=LDR  03029nam a22004933i 4500
=001  021013176
=003  Uk
=005  20230402222604.0
=006  m\\\\||\\d\|\\\\\\
=007  cr\|||||||||||
=008  230321s2022\\\\sz\|||||o\\\\||||\||eng\\
=FMT  \\$a  BK
=040  \\$aVaAlCD$beng$cVaAlCD$dUk
=245  00$aSetting up behavioural insights units for improved health outcomes: considerations for national health authorities /$cWorld Health Organization. Regional Office for Europe.
=264  \1$a[Switzerland] :$bWorld Health Organization,$c2022.
=300  \\$a1 online resource.
=336  \\$atext$2rdacontent
=337  \\$acomputer$2rdamedia
=338  \\$aonline resource$2rdacarrier
=520  3\$aUnderstanding human behaviour and its cultural contexts can offer powerful insights to support healthy behaviours in people's daily lives and the way they use health services. Many countries are increasingly investing in understanding the behavioural, cultural and social factors that influence behaviour to achieve more evidence-informed, effective and people-centred policies and services. A dedicated behavioural insights (‎BI)‎ unit in a ministry of health, public health institute or other institution can drive the implementation and impact of BI. These units are likely to draw on different disciplines and have different names and focus areas (‎for simplicity, all such units are referred to in this document as BI units)‎. Based on the experience of others who have set up such units, this document offers eight considerations for countries that wish to set up BI units: ensure buy-in and involve stakeholders.
=520  3\$adetermine location.
=520  3\$aidentify funding.
=520  3\$adevelop a strategy.
=520  3\$aplan staffing and upskilling of team members.
=520  3\$aidentify focus areas of health.
=520  3\$aplan projects: a mix of complex projects, early wins and policy advice.
=520  3\$amanage ethical questions. Every country in the WHO European Region is different. The eight considerations offer a starting point for assessing how to set up a BI unit to help drive better health for all.
=653  \\$aCulture
=653  \\$aPublic Health
=653  \\$abehavior
=653  \\$abehavioral research
=653  \\$acopenhagen
=653  \\$aculture
=653  \\$apublic health
=710  2\$aWorld Health Organization.
=720  \\$aWorld Health Organization. Regional Office for Europe
=856  4\$uhttps://policycommons.net/artifacts/2294673/setting-up-behavioural-insights-units-for-improved-health-outcomes/3054960/$yWorld Health Organization document$ahttps://policycommons.net/
=859  \\$aORR$bWorld Health Organization
=884  \\$aLDL ebooks tsv to marcxml transformation using XSLTtest.xsl$g20230321$qUk
=CAT  \\$aBATCH-IGO$b00$c20230402$lBLL01$h2226
=CAT  \\$aBATCH-UPD$b00$c20230402$lBLL01$h2229
=FIN  \\$aY$d20230402
=SRC  \\$aCoherent Digital WHO$bWHOrecords20230329.lex
=LAS  \\$aBATCH-UPD$b00$c20230402$lBLL01$h2229

