=LDR  01772nam a22004093i 4500
=001  021013177
=003  Uk
=005  20230402222604.0
=006  m\\\\||\\d\|\\\\\\
=007  cr\|||||||||||
=008  230321s2022\\\\sz\|||||o\\\\||||\||eng\\
=FMT  \\$a  BK
=040  \\$aVaAlCD$beng$cVaAlCD$dUk
=245  00$aStrategic framework for collaboration on antimicrobial resistance: together for One health /$cWorld Health Organization, Food and Agriculture Organization of the United Nations, World Organisation for Animal Health, United Nations Environment Programme.
=264  \1$a[Switzerland] :$bWorld Health Organization,$c2022.
=300  \\$a1 online resource.
=336  \\$atext$2rdacontent
=337  \\$acomputer$2rdamedia
=338  \\$aonline resource$2rdacarrier
=653  \\$aInternational Cooperation
=653  \\$adrug resistance, microbial
=653  \\$ageneva
=653  \\$ainternational cooperation
=653  \\$aone health
=710  2\$aWorld Health Organization.
=720  \\$aWorld Health Organization
=720  \\$aFood and Agriculture Organization of the United Nations
=720  \\$aWorld Organisation for Animal Health
=720  \\$aUnited Nations Environment Programme
=856  4\$uhttps://policycommons.net/artifacts/2294700/strategic-framework-for-collaboration-on-antimicrobial-resistance/3054990/$yWorld Health Organization document$ahttps://policycommons.net/
=859  \\$aORR$bWorld Health Organization
=884  \\$aLDL ebooks tsv to marcxml transformation using XSLTtest.xsl$g20230321$qUk
=CAT  \\$aBATCH-IGO$b00$c20230402$lBLL01$h2226
=CAT  \\$aBATCH-UPD$b00$c20230402$lBLL01$h2229
=FIN  \\$aY$d20230402
=SRC  \\$aCoherent Digital WHO$bWHOrecords20230329.lex
=LAS  \\$aBATCH-UPD$b00$c20230402$lBLL01$h2229

