=LDR  01728nam a22004213i 4500
=001  021013178
=003  Uk
=005  20230402222604.0
=006  m\\\\||\\d\|\\\\\\
=007  cr\|||||||||||
=008  230321s2022\\\\sz\|||||o\\\\||||\||eng\\
=FMT  \\$a  BK
=040  \\$aVaAlCD$beng$cVaAlCD$dUk
=245  00$aGlobal genomic surveillance strategy for pathogens with pandemic and epidemic potential 2022-2032 /$cLisa L. Carter, M. Anne Yu, Jilian A. Sacks, Céline Barnadas, Dmitriy Pereyaslov, Sébastien Cognat, Sylvie Briand, Michael J. Ryan, Gina Samaan.
=264  \1$a[Switzerland] :$bWorld Health Organization,$c2022.
=300  \\$a1 online resource.
=336  \\$atext$2rdacontent
=337  \\$acomputer$2rdamedia
=338  \\$aonline resource$2rdacarrier
=653  \\$aeditorials
=700  1\$aCarter, Lisa L.
=700  1\$aYu, M Anne.
=700  1\$aSacks, Jilian A.
=700  1\$aBarnadas, Céline.
=700  1\$aPereyaslov, Dmitriy.
=700  1\$aCognat, Sébastien.
=700  1\$aBriand, Sylvie.
=700  1\$aRyan, Michael J.
=700  1\$aSamaan, Gina.
=710  2\$aWorld Health Organization.
=856  4\$uhttps://policycommons.net/artifacts/2298229/global-genomic-surveillance-strategy-for-pathogens-with-pandemic-and-epidemic-potential-2022-2032/3058732/$yWorld Health Organization document$ahttps://policycommons.net/
=859  \\$aORR$bWorld Health Organization
=884  \\$aLDL ebooks tsv to marcxml transformation using XSLTtest.xsl$g20230321$qUk
=CAT  \\$aBATCH-IGO$b00$c20230402$lBLL01$h2226
=CAT  \\$aBATCH-UPD$b00$c20230402$lBLL01$h2229
=FIN  \\$aY$d20230402
=SRC  \\$aCoherent Digital WHO$bWHOrecords20230329.lex
=LAS  \\$aBATCH-UPD$b00$c20230402$lBLL01$h2229

