=LDR  03853nam a22004093i 4500
=001  021013180
=003  Uk
=005  20230402222604.0
=006  m\\\\||\\d\|\\\\\\
=007  cr\|||||||||||
=008  230321s2022\\\\sz\|||||o\\\\||||\||arm\\
=FMT  \\$a  BK
=040  \\$aVaAlCD$beng$cVaAlCD$dUk
=041  \\$aarm
=245  00$aԱռաջարկություններ COVID-19-ով պայմանավորված հիվանդությունից հետո ինքնուրույն վերականգնման վերաբերյալ: Երկրորդ հրատարակություն /$cԱռողջապահության համաշխարհային կազմակերպություն։ Եվրոպայի տարածաշրջանային գրասենյակ.
=264  \1$a[Switzerland] :$bWorld Health Organization,$c2022.
=300  \\$a1 online resource.
=336  \\$atext$2rdacontent
=337  \\$acomputer$2rdamedia
=338  \\$aonline resource$2rdacarrier
=520  3\$aՍույն գրքույկը տրամադրում է օգտակար խորհուրդներ բոլոր մեծահասակների համար, որոնք բուժվում են COVID-19-ից։ Այն կարող է օգտագործվել անհատների կողմից հոսպիտալացվելուց հետո կամ նրանց կողմից, ովքեր կարիք չունեն հոսպիտալացման։ Գրքույկը կարող է փոխլրացնել բուժհաստատություններում մատուցվող բժշկական ծառայությունները։ Սա 2020 թվականին տպագրված գրքույկի երկրորդ հրատարակությունն է։ Այս գրքույկը ներառում է մի շարք բաժինների թարմացումներ և նոր թեմաներ՝ ներառելով ամենավերջին տեղեկատվությունը հիվանդության զարգացման և պացիենտների ապաքինման վերաբերյալ։ Գրքույկը պատրաստվել է վերականգնողական ոլորտի մասնագետների կողմից, որոնք խորհրդակցել են նաև COVID-19-ից ապաքինվող պացիենտների հետ։ Չնայած այն հանգամանքին, որ հղումները ներկայացված չեն՝ ավելի դյուրին դարձնելու ընթերցումը, խորհուրդները հիմնված են ապացուցողական փաստերի վրա։ Այդուհանդերձ, մենք դեռ բավական տեղեկատվություն չունենք հետկորոնավիրուսային հիվանդության վերականգնման վերաբերյալ։ Փաստերն արագ են զարգանում։.
=653  \\$aCOVID-19
=653  \\$abetacoronavirus
=653  \\$acovid-19
=653  \\$adisease outbreaks
=653  \\$arehabilitation
=653  \\$aառողջապահության համաշխարհային կազմակերպություն։ եվրոպայի տարածաշրջանային գրասենյ
=710  2\$aWorld Health Organization.
=720  \\$aԱռողջապահության համաշխարհային կազմակերպություն։ Եվրոպայի տարածաշրջանային գրասենյակ
=856  4\$uhttps://policycommons.net/artifacts/2266865/arhajarkowtyownner-covid-19-ov-paymanavorvats-hivandowtyownits-heto-inknowrowyn-verakangnman-veraberyal/3026534/$yWorld Health Organization document$ahttps://policycommons.net/
=859  \\$aORR$bWorld Health Organization
=884  \\$aLDL ebooks tsv to marcxml transformation using XSLTtest.xsl$g20230321$qUk
=CAT  \\$aBATCH-IGO$b00$c20230402$lBLL01$h2226
=CAT  \\$aBATCH-UPD$b00$c20230402$lBLL01$h2229
=FIN  \\$aY$d20230402
=SRC  \\$aCoherent Digital WHO$bWHOrecords20230329.lex
=LAS  \\$aBATCH-UPD$b00$c20230402$lBLL01$h2229

