=LDR  01555nam a22004693i 4500
=001  021013181
=003  Uk
=005  20230402222604.0
=006  m\\\\||\\d\|\\\\\\
=007  cr\|||||||||||
=008  230321s2022\\\\sz\|||||o\\\\||||\||chi\\
=FMT  \\$a  BK
=040  \\$aVaAlCD$beng$cVaAlCD$dUk
=041  \\$achi
=245  00$a世卫组织铅暴露临床管理指南 /$c世界卫生组织.
=264  \1$a[Switzerland] :$bWorld Health Organization,$c2022.
=300  \\$a1 online resource.
=336  \\$atext$2rdacontent
=337  \\$acomputer$2rdamedia
=338  \\$aonline resource$2rdacarrier
=520  3\$a91 页.
=653  \\$aLead
=653  \\$aPublic Health
=653  \\$adiagnosis
=653  \\$aenvironmental exposure
=653  \\$aguideline
=653  \\$alead
=653  \\$alead poisoning
=653  \\$apublic health
=653  \\$atherapy
=653  \\$awho guideline
=653  \\$a日内瓦
=710  2\$aWorld Health Organization.
=720  \\$a世界卫生组织
=856  4\$uhttps://policycommons.net/artifacts/2273583/shi-wei-zu-zhi-qian-bao-lu-lin-chuang-guan-li-zhi-nan/3033410/$yWorld Health Organization document$ahttps://policycommons.net/
=859  \\$aORR$bWorld Health Organization
=884  \\$aLDL ebooks tsv to marcxml transformation using XSLTtest.xsl$g20230321$qUk
=CAT  \\$aBATCH-IGO$b00$c20230402$lBLL01$h2226
=CAT  \\$aBATCH-UPD$b00$c20230402$lBLL01$h2229
=FIN  \\$aY$d20230402
=SRC  \\$aCoherent Digital WHO$bWHOrecords20230329.lex
=LAS  \\$aBATCH-UPD$b00$c20230402$lBLL01$h2229

