=LDR  03152nam a22004213i 4500
=001  021013184
=003  Uk
=005  20230402222604.0
=006  m\\\\||\\d\|\\\\\\
=007  cr\|||||||||||
=008  230321s2022\\\\sz\|||||o\\\\||||\||bul\\
=FMT  \\$a  BK
=040  \\$aVaAlCD$beng$cVaAlCD$dUk
=041  \\$abul
=245  00$aБез съжаления: разширяване на мащаба на дейностите по смекчаване на последствията от изменението на климата и неговото въздействие върху здравето на хората в Европейския регион на СЗО. Ключови съобщения от Работната група по опазване на здравето в условията на изменение на климата /$cРегионален офис на СЗО за Европа.
=264  \1$a[Switzerland] :$bWorld Health Organization,$c2022.
=300  \\$a1 online resource.
=336  \\$atext$2rdacontent
=337  \\$acomputer$2rdamedia
=338  \\$aonline resource$2rdacarrier
=520  3\$aТози документ е адресиран към лицата, отговорни за формулирането на политики, особено тези от здравния сектор, и представителите на гражданското общество - с намерението да повиши осведомеността за връзката между здравето и измененията в климата, както и за опциите, които политиките предлагат за максимално увеличаване на ползите за здравето и околната среда. Друга негова цел е да им предостави информация - фактически данни и послания - в подкрепа на активното участие в националните подготвителни консултации и преговори на COP26, а също и да укаже областите за действие и сътрудничество между секторите и сред социалните субекти.
=653  \\$aClimate Change
=653  \\$aHealth Policy
=653  \\$aPublic Health
=653  \\$aclimate change
=653  \\$ahealth policy
=653  \\$apublic health
=653  \\$aкопенхаген
=710  2\$aWorld Health Organization.
=720  \\$aРегионален офис на СЗО за Европа
=856  4\$uhttps://policycommons.net/artifacts/2264921/bez-szhaleniia/3023922/$yWorld Health Organization document$ahttps://policycommons.net/
=859  \\$aORR$bWorld Health Organization
=884  \\$aLDL ebooks tsv to marcxml transformation using XSLTtest.xsl$g20230321$qUk
=CAT  \\$aBATCH-IGO$b00$c20230402$lBLL01$h2226
=CAT  \\$aBATCH-UPD$b00$c20230402$lBLL01$h2229
=FIN  \\$aY$d20230402
=SRC  \\$aCoherent Digital WHO$bWHOrecords20230329.lex
=LAS  \\$aBATCH-UPD$b00$c20230402$lBLL01$h2229

