=LDR  02199nam a22003613i 4500
=001  021013190
=003  Uk
=005  20230402222604.0
=006  m\\\\||\\d\|\\\\\\
=007  cr\|||||||||||
=008  230321s2022\\\\sz\|||||o\\\\||||\||eng\\
=FMT  \\$a  BK
=040  \\$aVaAlCD$beng$cVaAlCD$dUk
=245  00$aSub-Regional Workshop on Antimicrobial Resistance National Action Plan Development and Implementation. Report: virtual meeting: 16-17 June 2021 /$cWorld Health Organization. Regional Office for Europe.
=264  \1$a[Switzerland] :$bWorld Health Organization,$c2022.
=300  \\$a1 online resource.
=336  \\$atext$2rdacontent
=337  \\$acomputer$2rdamedia
=338  \\$aonline resource$2rdacarrier
=520  3\$aOn 16-17 June 2021, the Regional Office, in collaboration with the European Commission, organized and facilitated a virtual sub-regional workshop, consisting of two half-days, to which representatives from 18 countries were invited. The workshop objectives were to update Member States on global, regional and national developments in AMR NAP implementation.
=520  3\$ashowcase help and support mechanisms available through different programmes from the EC and WHO.
=520  3\$aand clarify what further support is needed by Member States. The workshop provided a platform for sharing experiences, best practices and lessons learned, together with discussions about the remaining challenges, barriers and gaps.
=653  \\$acopenhagen
=710  2\$aWorld Health Organization.
=720  \\$aWorld Health Organization. Regional Office for Europe
=856  4\$uhttps://policycommons.net/artifacts/2391453/sub-regional-workshop-on-antimicrobial-resistance-national-action-plan-development-and-implementation-report/3412881/$yWorld Health Organization document$ahttps://policycommons.net/
=859  \\$aORR$bWorld Health Organization
=884  \\$aLDL ebooks tsv to marcxml transformation using XSLTtest.xsl$g20230321$qUk
=CAT  \\$aBATCH-IGO$b00$c20230402$lBLL01$h2226
=CAT  \\$aBATCH-UPD$b00$c20230402$lBLL01$h2229
=FIN  \\$aY$d20230402
=SRC  \\$aCoherent Digital WHO$bWHOrecords20230329.lex
=LAS  \\$aBATCH-UPD$b00$c20230402$lBLL01$h2229

