=LDR  01730nam a22004573i 4500
=001  021013196
=003  Uk
=005  20230402222604.0
=006  m\\\\||\\d\|\\\\\\
=007  cr\|||||||||||
=008  230321s2022\\\\sz\|||||o\\\\||||\||eng\\
=FMT  \\$a  BK
=040  \\$aVaAlCD$beng$cVaAlCD$dUk
=245  00$aKit de adaptación digital para atención prenatal: requisitos operativos para implementar las recomendaciones de la OMS en los sistemas digitales /$cOrganización Mundial de la Salud.
=264  \1$a[Switzerland] :$bWorld Health Organization,$c2022.
=300  \\$a1 online resource.
=336  \\$atext$2rdacontent
=337  \\$acomputer$2rdamedia
=338  \\$aonline resource$2rdacarrier
=653  \\$aData Processing
=653  \\$aPregnancy
=653  \\$aPrenatal Care
=653  \\$adata accuracy
=653  \\$adata collection
=653  \\$aelectronic data processing
=653  \\$aginebra
=653  \\$aguideline
=653  \\$amaternal health services
=653  \\$apatient identification systems
=653  \\$apregnancy
=653  \\$aprenatal care
=710  2\$aWorld Health Organization.
=720  \\$aOrganización Mundial de la Salud
=856  4\$uhttps://policycommons.net/artifacts/2391476/kit-de-adaptacion-digital-para-atencion-prenatal/3412932/$yWorld Health Organization document$ahttps://policycommons.net/
=859  \\$aORR$bWorld Health Organization
=884  \\$aLDL ebooks tsv to marcxml transformation using XSLTtest.xsl$g20230321$qUk
=CAT  \\$aBATCH-IGO$b00$c20230402$lBLL01$h2226
=CAT  \\$aBATCH-UPD$b00$c20230402$lBLL01$h2229
=FIN  \\$aY$d20230402
=SRC  \\$aCoherent Digital WHO$bWHOrecords20230329.lex
=LAS  \\$aBATCH-UPD$b00$c20230402$lBLL01$h2229

