=LDR  03202nam a22004573i 4500
=001  021013197
=003  Uk
=005  20230402222604.0
=006  m\\\\||\\d\|\\\\\\
=007  cr\|||||||||||
=008  230321s2022\\\\sz\|||||o\\\\||||\||fre\\
=FMT  \\$a  BK
=040  \\$aVaAlCD$beng$cVaAlCD$dUk
=041  \\$afre
=245  00$aProtéger la santé par le réaménagement urbain des sites contaminés : note de planification /$cOrganisation mondiale de la Santé. Bureau régional de l'Europe.
=264  \1$a[Switzerland] :$bWorld Health Organization,$c2022.
=300  \\$a1 online resource.
=336  \\$atext$2rdacontent
=337  \\$acomputer$2rdamedia
=338  \\$aonline resource$2rdacarrier
=520  3\$aDans la Région européenne de l'OMS, la population urbaine croît régulièrement et la demande de terrains augmente rapidement. La revitalisation et/ou l'assainissement des sites industriels et des terres contaminées constituent des opportunités d'aménagement urbain durable. Ces interventions peuvent également aider à faire baisser la pression sur les ressources foncières épargnées. Pourtant, le réaménagement des sites contaminés peut avoir des conséquences environnementales et sanitaires durables si les risques de contamination ne sont pas gérés ou écartés correctement. Cette note résume les enseignements acquis, à travers l'Europe, sur le réaménagement des sites contaminés, dans le cadre de la planification et de la rénovation urbaines. Elle vise plus précisément à apporter des informations sur les conséquences sanitaires et environnementales qu'il convient de prendre en compte pendant les projets de réaménagement des sites, et à présenter les bonnes pratiques et les expériences locales pertinentes, pour soutenir le réaménagement effectif, durable et favorable à la santé, des sites contaminés. À ce titre, la présente note contient des messages essentiels au soutien de l'action des décideurs locaux, des planificateurs, des spécialistes, des chercheurs et des organisations de la société civile.
=653  \\$aEnvironmental Health
=653  \\$aUrban Population
=653  \\$acopenhague
=653  \\$aenvironmental health
=653  \\$aenvironmental monitoring
=653  \\$aenvironmental pollutants
=653  \\$aenvironmental restoration and remediation
=653  \\$aenvironment and public health
=653  \\$aurban health
=653  \\$aurban population
=710  2\$aWorld Health Organization.
=720  \\$aOrganisation mondiale de la Santé. Bureau régional de l'Europe
=856  4\$uhttps://policycommons.net/artifacts/2226862/proteger-la-sante-par-le-reamenagement-urbain-des-sites-contamines/2984294/$yWorld Health Organization document$ahttps://policycommons.net/
=859  \\$aORR$bWorld Health Organization
=884  \\$aLDL ebooks tsv to marcxml transformation using XSLTtest.xsl$g20230321$qUk
=CAT  \\$aBATCH-IGO$b00$c20230402$lBLL01$h2226
=CAT  \\$aBATCH-UPD$b00$c20230402$lBLL01$h2229
=FIN  \\$aY$d20230402
=SRC  \\$aCoherent Digital WHO$bWHOrecords20230329.lex
=LAS  \\$aBATCH-UPD$b00$c20230402$lBLL01$h2229

