=LDR  01705nam a22004573i 4500
=001  021013205
=003  Uk
=005  20230402222605.0
=006  m\\\\||\\d\|\\\\\\
=007  cr\|||||||||||
=008  230321s2022\\\\sz\|||||o\\\\||||\||eng\\
=FMT  \\$a  BK
=040  \\$aVaAlCD$beng$cVaAlCD$dUk
=245  00$a电子烟烟液中尼古丁、丙三醇和丙二醇测定的标准操作流程: WHO TobLabNet 官方方法标准操作流程11 /$c世界卫生组织.
=264  \1$a[Switzerland] :$bWorld Health Organization,$c2022.
=300  \\$a1 online resource.
=336  \\$atext$2rdacontent
=337  \\$acomputer$2rdamedia
=338  \\$aonline resource$2rdacarrier
=520  3\$aiv, 17 页.
=653  \\$aTobacco
=653  \\$aanalysis
=653  \\$aconsumer product safety
=653  \\$aelectronic nicotine delivery systems
=653  \\$aglycerol
=653  \\$anicotine
=653  \\$apropylene glycol
=653  \\$astandards
=653  \\$atobacco
=653  \\$atoxicity tests
=653  \\$a日内瓦
=710  2\$aWorld Health Organization.
=720  \\$a世界卫生组织
=856  4\$uhttps://policycommons.net/artifacts/2391452/dian-zi-yan-yan-ye-zhong-ni-gu-ding-bing-san-chun-he-bing-er-chun-ce-ding-de-biao-zhun-cao-zuo-liu-cheng/3412880/$yWorld Health Organization document$ahttps://policycommons.net/
=859  \\$aORR$bWorld Health Organization
=884  \\$aLDL ebooks tsv to marcxml transformation using XSLTtest.xsl$g20230321$qUk
=CAT  \\$aBATCH-IGO$b00$c20230402$lBLL01$h2226
=CAT  \\$aBATCH-UPD$b00$c20230402$lBLL01$h2229
=FIN  \\$aY$d20230402
=SRC  \\$aCoherent Digital WHO$bWHOrecords20230329.lex
=LAS  \\$aBATCH-UPD$b00$c20230402$lBLL01$h2229

