=LDR  02474nam a22004093i 4500
=001  021013206
=003  Uk
=005  20230402222605.0
=006  m\\\\||\\d\|\\\\\\
=007  cr\|||||||||||
=008  230321s2022\\\\sz\|||||o\\\\||||\||eng\\
=FMT  \\$a  BK
=040  \\$aVaAlCD$beng$cVaAlCD$dUk
=245  00$aCẩm Nang An Toàn Sinh Học Phòng Xét Nghiệm [‎Laboratory biosafety manual]‎ /$cWorld Health Organization. Regional Office for the Western Pacific.
=264  \1$a[Switzerland] :$bWorld Health Organization,$c2022.
=300  \\$a1 online resource.
=336  \\$atext$2rdacontent
=337  \\$acomputer$2rdamedia
=338  \\$aonline resource$2rdacarrier
=520  3\$aThe WHO Laboratory biosafety manual, four edition and associated monographs (‎LBM4)‎ builds on the risk assessment approach introduced shortly in the third edition. To access more easily and effectively to readers, LBM4 translated into Vietnamese would support to strengthen laboratory biosafety and biosecurity system in Viet Nam. LBM4 core document provides general remarks and overarching concepts to understand the evidence- and risk-based approach. The associated monographs, which have also been produced to provide more detailed informa¬tion and help implement systems and strategies on specialized topics. This fourth edition provides essential information for countries to enable to implement economically feasible and sustainable laboratory biosafety and biosecurity policies and practices that are relevant to their individual circumstances and priorities.
=653  \\$aLaboratories
=653  \\$acontainment of biohazards
=653  \\$alaboratories
=653  \\$alaboratory infection
=653  \\$amanila
=653  \\$amethods
=653  \\$astandards
=710  2\$aWorld Health Organization.
=720  \\$aWorld Health Organization. Regional Office for the Western Pacific
=856  4\$uhttps://policycommons.net/artifacts/2391460/cam-nang-an-toan-sinh-hoc-phong-xet-nghiem-laboratory-biosafety-manual/3412888/$yWorld Health Organization document$ahttps://policycommons.net/
=859  \\$aORR$bWorld Health Organization
=884  \\$aLDL ebooks tsv to marcxml transformation using XSLTtest.xsl$g20230321$qUk
=CAT  \\$aBATCH-IGO$b00$c20230402$lBLL01$h2226
=CAT  \\$aBATCH-UPD$b00$c20230402$lBLL01$h2229
=FIN  \\$aY$d20230402
=SRC  \\$aCoherent Digital WHO$bWHOrecords20230329.lex
=LAS  \\$aBATCH-UPD$b00$c20230402$lBLL01$h2229

