=LDR  02576nam a22004213i 4500
=001  021013208
=003  Uk
=005  20230402222605.0
=006  m\\\\||\\d\|\\\\\\
=007  cr\|||||||||||
=008  230321s2022\\\\sz\|||||o\\\\||||\||eng\\
=FMT  \\$a  BK
=040  \\$aVaAlCD$beng$cVaAlCD$dUk
=245  00$aWHO Regions for Health Network 26th annual meeting: strengthening societal resilience to deal with COVID-19 and climate change /$cWorld Health Organization. Regional Office for Europe.
=264  \1$a[Switzerland] :$bWorld Health Organization,$c2022.
=300  \\$a1 online resource.
=336  \\$atext$2rdacontent
=337  \\$acomputer$2rdamedia
=338  \\$aonline resource$2rdacarrier
=520  3\$aFrom 25-28 October 2021, 80 speakers from 15 countries and 26 regions met at the 26th Annual Meeting of the Regions for Health Network (‎RHN)‎, facilitated by the Government of Moscow, Russian Federation, a member of the Network. This was the first RHN annual meeting since the adoption of the new WHO European Programme of Work (‎EPW)‎ and therefore offered a unique opportunity to discuss its priorities for RHN members. The meeting's objectives were to review current and future joint priorities and activities and share lessons learnt on two specific themes: COVID-19 and universal health coverage.
=520  3\$aand healthier populations, with a specific focus on climate change and the environment. Discussions involved representatives from the regions, WHO experts and researchers. A strong need for cross-sectoral collaboration to build societal resilience in face of the threats of COVID-19 and climate change emerged from discussions during the four days of the meeting.
=653  \\$aClimate Change
=653  \\$aCOVID-19
=653  \\$aclimate change
=653  \\$acopenhagen
=653  \\$acovid-19
=653  \\$ahealth inequities
=653  \\$asustainable growth
=710  2\$aWorld Health Organization.
=720  \\$aWorld Health Organization. Regional Office for Europe
=856  4\$uhttps://policycommons.net/artifacts/2391488/who-regions-for-health-network-26th-annual-meeting/3412921/$yWorld Health Organization document$ahttps://policycommons.net/
=859  \\$aORR$bWorld Health Organization
=884  \\$aLDL ebooks tsv to marcxml transformation using XSLTtest.xsl$g20230321$qUk
=CAT  \\$aBATCH-IGO$b00$c20230402$lBLL01$h2226
=CAT  \\$aBATCH-UPD$b00$c20230402$lBLL01$h2229
=FIN  \\$aY$d20230402
=SRC  \\$aCoherent Digital WHO$bWHOrecords20230329.lex
=LAS  \\$aBATCH-UPD$b00$c20230402$lBLL01$h2229

