=LDR  01817nam a22003733i 4500
=001  021013211
=003  Uk
=005  20230402222605.0
=006  m\\\\||\\d\|\\\\\\
=007  cr\|||||||||||
=008  230321s2022\\\\sz\|||||o\\\\||||\||eng\\
=FMT  \\$a  BK
=040  \\$aVaAlCD$beng$cVaAlCD$dUk
=245  00$aMessage du Dr Ahmed Al-Mandhari Directeur Régional de l'OMS pour la Méditerranée Orientale a l'occasion de la Journée Mondiale de la Santé 'notre planète, notre santé', 7 avril 2022 /$cOrganisation mondiale de la Santé. Bureau régional de la Méditerranée orientale.
=264  \1$a[Switzerland] :$bWorld Health Organization,$c2022.
=300  \\$a1 online resource.
=336  \\$atext$2rdacontent
=337  \\$acomputer$2rdamedia
=338  \\$aonline resource$2rdacarrier
=653  \\$acaire
=653  \\$aenvironmental and occupational health
=653  \\$aenvironment and public health
=653  \\$aglobal health
=653  \\$aworld health organization
=710  2\$aWorld Health Organization.
=720  \\$aOrganisation mondiale de la Santé. Bureau régional de la Méditerranée orientale
=856  4\$uhttps://policycommons.net/artifacts/2369775/message-du-dr-ahmed-al-mandhari-directeur-regional-de-loms-pour-la-mediterranee-orientale-a-loccasion-de-la-journee-mondiale-de-la-sante-notre-planete-notre-sante-7-avril-2022/3390789/$yWorld Health Organization document$ahttps://policycommons.net/
=859  \\$aORR$bWorld Health Organization
=884  \\$aLDL ebooks tsv to marcxml transformation using XSLTtest.xsl$g20230321$qUk
=CAT  \\$aBATCH-IGO$b00$c20230402$lBLL01$h2226
=CAT  \\$aBATCH-UPD$b00$c20230402$lBLL01$h2229
=FIN  \\$aY$d20230402
=SRC  \\$aCoherent Digital WHO$bWHOrecords20230329.lex
=LAS  \\$aBATCH-UPD$b00$c20230402$lBLL01$h2229

