=LDR  01583nam a22003973i 4500
=001  021013212
=003  Uk
=005  20230402222605.0
=006  m\\\\||\\d\|\\\\\\
=007  cr\|||||||||||
=008  230321s2022\\\\sz\|||||o\\\\||||\||fre\\
=FMT  \\$a  BK
=040  \\$aVaAlCD$beng$cVaAlCD$dUk
=041  \\$afre
=245  00$aSoixante et onzième Comité régional de l'Europe : session virtuelle, 13-15 septembre 2021 : rapport sur la 71e session du Comité régional de l'OMS pour l'Europe /$c71e session Comité régional de l'Europe.
=264  \1$a[Switzerland] :$bWorld Health Organization,$c2022.
=300  \\$a1 online resource.
=336  \\$atext$2rdacontent
=337  \\$acomputer$2rdamedia
=338  \\$aonline resource$2rdacarrier
=653  \\$aEurope
=653  \\$aHealth Policy
=653  \\$aeurope
=653  \\$ahealth policy
=653  \\$ahealth priorities
=653  \\$aregional health planning
=710  2\$aWorld Health Organization.
=720  \\$aComité régional de l'Europe, 71e session
=856  4\$uhttps://policycommons.net/artifacts/2228155/soixante-et-onzieme-comite-regional-de-leurope/2985590/$yWorld Health Organization document$ahttps://policycommons.net/
=859  \\$aORR$bWorld Health Organization
=884  \\$aLDL ebooks tsv to marcxml transformation using XSLTtest.xsl$g20230321$qUk
=CAT  \\$aBATCH-IGO$b00$c20230402$lBLL01$h2226
=CAT  \\$aBATCH-UPD$b00$c20230402$lBLL01$h2229
=FIN  \\$aY$d20230402
=SRC  \\$aCoherent Digital WHO$bWHOrecords20230329.lex
=LAS  \\$aBATCH-UPD$b00$c20230402$lBLL01$h2229

