=LDR  02420nam a22004573i 4500
=001  021013219
=003  Uk
=005  20230402222605.0
=006  m\\\\||\\d\|\\\\\\
=007  cr\|||||||||||
=008  230321s2022\\\\sz\|||||o\\\\||||\||est\\
=FMT  \\$a  BK
=040  \\$aVaAlCD$beng$cVaAlCD$dUk
=041  \\$aest
=245  00$aMaailma Terviseorganisatsiooni (‎WHO)‎ kuni viieaastaste laste kehalise aktiivsuse ja une soovitused /$cMaailma Terviseorganisatsioon. Euroopa Regionaalbüroo.
=264  \1$a[Switzerland] :$bWorld Health Organization,$c2022.
=300  \\$a1 online resource.
=336  \\$atext$2rdacontent
=337  \\$acomputer$2rdamedia
=338  \\$aonline resource$2rdacarrier
=520  3\$aNende juhiste peamine sihtrühm on tervise-, haridus- või sotsiaalministeeriumide poliitikakujundajad, lapse varase arenguga seotud valdkondade valitsusväliste organisatsioonide töötajad või lapsevanemate ja hooldajate nõustajad ning juhendajad, nagu pereõed, -arstid, lastearstid ja tööterapeudid, sõltumata eri riikide elatustasemest. Juhised on mõeldud ametnikele, kes arendavad riiklikke strateegiaid, mis aitaks suurendada väikelaste kehalist aktiivsust, vähendada istuvat tegevust ja kujundada uneharjumusi, samuti lapsehoiuteenuste ja lasteaia oluliste nõuete kehtestamiseks ning tervishoiuspetsialistide ja varase lapseea arenguspetsialistide teenistuseelseks koolitamiseks.
=653  \\$aChild Health
=653  \\$aExercise
=653  \\$achild health
=653  \\$achild, preschool
=653  \\$aexercise
=653  \\$aguideline
=653  \\$akopenhaagen
=653  \\$asedentary lifestyle
=653  \\$asleep
=653  \\$awho guideline
=710  2\$aWorld Health Organization.
=720  \\$aMaailma Terviseorganisatsioon. Euroopa Regionaalbüroo
=856  4\$uhttps://policycommons.net/artifacts/2195413/maailma-terviseorganisatsiooni-who-kuni-viieaastaste-laste-kehalise-aktiivsuse-ja-une-soovitused/2951822/$yWorld Health Organization document$ahttps://policycommons.net/
=859  \\$aORR$bWorld Health Organization
=884  \\$aLDL ebooks tsv to marcxml transformation using XSLTtest.xsl$g20230321$qUk
=CAT  \\$aBATCH-IGO$b00$c20230402$lBLL01$h2226
=CAT  \\$aBATCH-UPD$b00$c20230402$lBLL01$h2229
=FIN  \\$aY$d20230402
=SRC  \\$aCoherent Digital WHO$bWHOrecords20230329.lex
=LAS  \\$aBATCH-UPD$b00$c20230402$lBLL01$h2229

