=LDR  04235nam a22005173i 4500
=001  021013222
=003  Uk
=005  20230402222605.0
=006  m\\\\||\\d\|\\\\\\
=007  cr\|||||||||||
=008  230321s2022\\\\sz\|||||o\\\\||||\||fre\\
=FMT  \\$a  BK
=040  \\$aVaAlCD$beng$cVaAlCD$dUk
=041  \\$afre
=245  03$aLe rôle des ressources humaines dans le secteur de la santé pendant l'épidémie de COVID-19 : soutenir et protéger les professionnels de santé /$cGemma A. Williams, Giada Scarpetti, Magrieta Langins, Ingrid Callies, Alexandra Fourcade, Ewout van Ginneken, Claudia B. Maier, l'Observatoire européen des systèmes et politiques de santé.
=264  \1$a[Switzerland] :$bWorld Health Organization,$c2022.
=300  \\$a1 online resource.
=336  \\$atext$2rdacontent
=337  \\$acomputer$2rdamedia
=338  \\$aonline resource$2rdacarrier
=520  3\$aEn outre, les professionnels massif aux consultations à distance dans de santé ont été confrontés à des obstacles Les mesures de protection en matière certains secteurs de la santé comme les pratiques nuisant à leur travail en raison des mesures mises en place pour réduire de santé physique en milieu clinique soins de santé primaires a joué un rôle essentiel dans la protection du personnel la tran [...] Pour solutions d'hébergement gratuites aux de la santé dans l'ensemble de l'Union réduire ce risque, les établissements de professionnels de santé qui ne peuvent pas européenne (UE).
=520  3\$ales troubles anxieux, santé de l'ensemble des États membres s'auto-isoler à domicile afin de réduire le sentiments de peur et cas de détresse ont dû mettre en place des mesures risque de transmission et de protéger l [...] Cet article a pour but de ont joué un rôle important dans la fournir un aperçu global des stratégies qui Plus récemment, il est devenu primordial protection de la santé de leur personnel en ont été adoptées en vue d'accompagner les pour l'ensemble des pays de veiller à créant et en assurant un environnement professionnels de santé, à la fois dans les ce que les professionnels de santé aient de tra [...] Le bureau régional de membres ont mis en place des mesures de leur propre santé, la mise en place d'un l'Organisation mondiale de la santé (OMS) pendant la pandémie en vue de veiller système de soutien mutuel permettant pour l'Europe a apporté son aide aux à la santé mentale et au bien-être des aux professionnels de santé de pouvoir différents gouvernements en mettant en professionnels de santé. [...] Elle pourrait prendre la forme comme un risque d'infection, ou de d'une « cellule de soutien éthique » et bénéficier de l'appui des Agences régionales ceux qui estiment que la menace de la de santé (ARS) et de l'expérience des ERER, en s'appuyant sur les groupes COVID-19 est exagérée et qui protestent d'éthique clinique des CHU ». contre les mesures de prévention liées Les 15 espaces de réflexion.
=653  \\$aCOVID-19
=653  \\$aHealth Services
=653  \\$acopenhague
=653  \\$acovid-19
=653  \\$ahealth services
=653  \\$ahealth workforce
=653  \\$aworkforce
=700  1\$aWilliams, Gemma A.
=700  1\$aScarpetti, Giada.
=700  1\$aLangins, Magrieta.
=700  1\$aCallies, Ingrid.
=700  1\$aFourcade, Alexandra.
=700  1\$avan Ginneken, Ewout.
=700  1\$aMaier, Claudia B.
=710  2\$aWorld Health Organization.
=720  \\$al'Observatoire européen des systèmes et politiques de santé
=856  4\$uhttps://policycommons.net/artifacts/2198968/le-role-des-ressources-humaines-dans-le-secteur-de-la-sante-pendant-lepidemie-de-covid-19/2955338/$yWorld Health Organization document$ahttps://policycommons.net/
=859  \\$aORR$bWorld Health Organization
=884  \\$aLDL ebooks tsv to marcxml transformation using XSLTtest.xsl$g20230321$qUk
=CAT  \\$aBATCH-IGO$b00$c20230402$lBLL01$h2226
=CAT  \\$aBATCH-UPD$b00$c20230402$lBLL01$h2229
=FIN  \\$aY$d20230402
=SRC  \\$aCoherent Digital WHO$bWHOrecords20230329.lex
=LAS  \\$aBATCH-UPD$b00$c20230402$lBLL01$h2229

