=LDR  01871nam a22004333i 4500
=001  021013224
=003  Uk
=005  20230402222605.0
=006  m\\\\||\\d\|\\\\\\
=007  cr\|||||||||||
=008  230321s2022\\\\sz\|||||o\\\\||||\||eng\\
=FMT  \\$a  BK
=040  \\$aVaAlCD$beng$cVaAlCD$dUk
=245  00$aSummary report on the Eastern Mediterranean Region event on COVID-19 and institutionalizing use of evidence for policy-making for health: WHO Global Evidence-to-Policy (‎E2P)‎ Summit, virtual meeting, 16 November 2021 /$cWorld Health Organization. Regional Office for the Eastern Mediterranean.
=264  \1$a[Switzerland] :$bWorld Health Organization,$c2022.
=300  \\$a1 online resource.
=336  \\$atext$2rdacontent
=337  \\$acomputer$2rdamedia
=338  \\$aonline resource$2rdacarrier
=653  \\$aCOVID-19
=653  \\$aHealth Policy
=653  \\$abetacoronavirus
=653  \\$acairo
=653  \\$acovid-19
=653  \\$adecision making
=653  \\$adisease outbreaks
=653  \\$ahealth policy
=653  \\$ahealth systems
=653  \\$apolicy making
=710  2\$aWorld Health Organization.
=720  \\$aWorld Health Organization. Regional Office for the Eastern Mediterranean
=856  4\$uhttps://policycommons.net/artifacts/2283536/summary-report-on-the-eastern-mediterranean-region-event-on-covid-19-and-institutionalizing-use-of-evidence-for-policy-making-for-health/3043626/$yWorld Health Organization document$ahttps://policycommons.net/
=859  \\$aORR$bWorld Health Organization
=884  \\$aLDL ebooks tsv to marcxml transformation using XSLTtest.xsl$g20230321$qUk
=CAT  \\$aBATCH-IGO$b00$c20230402$lBLL01$h2226
=CAT  \\$aBATCH-UPD$b00$c20230402$lBLL01$h2229
=FIN  \\$aY$d20230402
=SRC  \\$aCoherent Digital WHO$bWHOrecords20230329.lex
=LAS  \\$aBATCH-UPD$b00$c20230402$lBLL01$h2229

