=LDR  03661nam a22004573i 4500
=001  021013232
=003  Uk
=005  20230402222605.0
=006  m\\\\||\\d\|\\\\\\
=007  cr\|||||||||||
=008  230321s2022\\\\sz\|||||o\\\\||||\||eng\\
=FMT  \\$a  BK
=040  \\$aVaAlCD$beng$cVaAlCD$dUk
=245  00$aPocket book of primary health care for children and adolescents: guidelines for health promotion, disease prevention and management from the newborn period to adolescence /$cWorld Health Organization. Regional Office for Europe.
=264  \1$a[Switzerland] :$bWorld Health Organization,$c2022.
=300  \\$a1 online resource.
=336  \\$atext$2rdacontent
=337  \\$acomputer$2rdamedia
=338  \\$aonline resource$2rdacarrier
=520  3\$aThis Pocket Book is for use by doctors, nurses and other health workers who are responsible for the care of children and adolescents at the primary health care level. It summarizes guidance on how to manage - and when to refer - children and adolescents presenting with common complaints and conditions. It includes information to enable primary health care providers to coordinate the continued care of children and adolescents with long-term conditions and diseases managed by specialists. Preventive and promotive measures from the newborn period to adolescence include advice on the timing and content of well-child visits, the promotion of early childhood development and health messages for adolescents. This Pocket Book aims to improve the diagnosis and management of common conditions in children and adolescents that can be managed at the outpatient level. It helps to improve the use of laboratory and other diagnostic measures and the rational use of essential drugs and equipment. For children requiring referral, it links to its sister publication, the Pocket Book of Hospital Care for Children. Both are presented in a handy format for daily work to help guide examination, case management and counselling. The recommendations of this Pocket Book apply across the WHO European Region and may be adapted by countries to suit their specific circumstances. The Pocket Book summarizes information from existing WHO and other evidence-based guidelines. Details of the evidence on which it is based can be found on the WHO/EURO website. It will be updated regularly as new evidence emerges. The Pocket Book enables health care providers to deliver on the promise of quality primary health care. Its focus on evidence-based practices and prevention ensures that children and adolescents receive the care they need and avoids unnecessary treatment and hospitalization.
=653  \\$aChild Development
=653  \\$aChild Health
=653  \\$aHealth Services
=653  \\$aPrimary Health Care
=653  \\$aYouth Health
=653  \\$aadolescent health
=653  \\$achild development
=653  \\$achild health
=653  \\$acopenhagen
=653  \\$ahealth services
=653  \\$aprimary health care
=710  2\$aWorld Health Organization.
=720  \\$aWorld Health Organization. Regional Office for Europe
=856  4\$uhttps://policycommons.net/artifacts/2294671/pocket-book-of-primary-health-care-for-children-and-adolescents/3054957/$yWorld Health Organization document$ahttps://policycommons.net/
=859  \\$aORR$bWorld Health Organization
=884  \\$aLDL ebooks tsv to marcxml transformation using XSLTtest.xsl$g20230321$qUk
=CAT  \\$aBATCH-IGO$b00$c20230402$lBLL01$h2226
=CAT  \\$aBATCH-UPD$b00$c20230402$lBLL01$h2229
=FIN  \\$aY$d20230402
=SRC  \\$aCoherent Digital WHO$bWHOrecords20230329.lex
=LAS  \\$aBATCH-UPD$b00$c20230402$lBLL01$h2229

