=LDR  01744nam a22004333i 4500
=001  021013235
=003  Uk
=005  20230402222605.0
=006  m\\\\||\\d\|\\\\\\
=007  cr\|||||||||||
=008  230321s2022\\\\sz\|||||o\\\\||||\||eng\\
=FMT  \\$a  BK
=040  \\$aVaAlCD$beng$cVaAlCD$dUk
=245  00$aWHO's Robson platform for data-sharing on caesarean section rates /$cNewton Opiyo, Maria Regina Torloni, Michael Robson, Lars Ladfors, Karima Gholbzouri, Justina Kacerauskiene, Rafael Vila-Candel, Joerg Kessler, Miha Lucovnik, Ana Pilar Betrán.
=264  \1$a[Switzerland] :$bWorld Health Organization,$c2022.
=300  \\$a1 online resource.
=336  \\$atext$2rdacontent
=337  \\$acomputer$2rdamedia
=338  \\$aonline resource$2rdacarrier
=653  \\$aperspectives
=700  1\$aOpiyo, Newton.
=700  1\$aTorloni, Maria Regina.
=700  1\$aRobson, Michael.
=700  1\$aLadfors, Lars.
=700  1\$aGholbzouri, Karima.
=700  1\$aKacerauskiene, Justina.
=700  1\$aVila-Candel, Rafael.
=700  1\$aKessler, Joerg.
=700  1\$aLucovnik, Miha.
=700  1\$aBetrán, Ana Pilar.
=710  2\$aWorld Health Organization.
=856  4\$uhttps://policycommons.net/artifacts/2392923/whos-robson-platform-for-data-sharing-on-caesarean-section-rates/3414400/$yWorld Health Organization document$ahttps://policycommons.net/
=859  \\$aORR$bWorld Health Organization
=884  \\$aLDL ebooks tsv to marcxml transformation using XSLTtest.xsl$g20230321$qUk
=CAT  \\$aBATCH-IGO$b00$c20230402$lBLL01$h2226
=CAT  \\$aBATCH-UPD$b00$c20230402$lBLL01$h2229
=FIN  \\$aY$d20230402
=SRC  \\$aCoherent Digital WHO$bWHOrecords20230329.lex
=LAS  \\$aBATCH-UPD$b00$c20230402$lBLL01$h2229

