=LDR  02987nam a22004693i 4500
=001  021013240
=003  Uk
=005  20230402222605.0
=006  m\\\\||\\d\|\\\\\\
=007  cr\|||||||||||
=008  230321s2022\\\\sz\|||||o\\\\||||\||fre\\
=FMT  \\$a  BK
=040  \\$aVaAlCD$beng$cVaAlCD$dUk
=041  \\$afre
=245  00$aAvant-propos /$cl'Observatoire européen des systèmes et des politiques de santé.
=264  \1$a[Switzerland] :$bWorld Health Organization,$c2022.
=300  \\$a1 online resource.
=336  \\$atext$2rdacontent
=337  \\$acomputer$2rdamedia
=338  \\$aonline resource$2rdacarrier
=520  3\$aCette pandémie de COVID-19 sans précédent a causé à des niveaux transfrontaliers et européens qui ont une souffrance immense ainsi que des pertes de vies été des facteurs déterminants de l'efficacité des humaines et a provoqué un choc sur l'économie et réponses apportées. [...] Cette A cet effet, l'Union Européenne a pris des mesures pandémie a particulièrement exposé nos systèmes sans précédent pour soutenir les Etats membres de santé qui ont dû s'adapter à cette situation jamais afin de renforcer la résilience de leurs systèmes de connue auparavant. [...] Si dans un premier temps, santé, notamment au travers du nouveau programme les Etats membres ont répondu de manière isolée de santé EU4Health, le plus grand programme de à la crise, l'évolution et l'impact transfrontalier financement de l'UE en matière de santé, doté d'un de la situation sanitaire ont révélé que l'action budget de 5,3 milliards d'euros. [...] Ce programme fait et la coordination de l'Union européenne (UE), partie des réponses apportées par l'UE à la crise de ainsi que la solidarité qui l'accompagne, étaient COVID-19. [...] Parmi les quatre objectifs généraux de essentielles pour faire face à une menace sanitaire ce programme figurent l'amélioration de la santé de cette ampleur.
=653  \\$aCOVID-19
=653  \\$aHealth Services
=653  \\$aPublic Health
=653  \\$acopenhague
=653  \\$acovid-19
=653  \\$adelivery of health care
=653  \\$aeuropean union
=653  \\$ahealth services
=653  \\$ahealth systems plans
=653  \\$ahealth workforce
=653  \\$apublic health
=710  2\$aWorld Health Organization.
=720  \\$al'Observatoire européen des systèmes et des politiques de santé
=856  4\$uhttps://policycommons.net/artifacts/2198960/avant-propos/2955323/$yWorld Health Organization document$ahttps://policycommons.net/
=859  \\$aORR$bWorld Health Organization
=884  \\$aLDL ebooks tsv to marcxml transformation using XSLTtest.xsl$g20230321$qUk
=CAT  \\$aBATCH-IGO$b00$c20230402$lBLL01$h2226
=CAT  \\$aBATCH-UPD$b00$c20230402$lBLL01$h2229
=FIN  \\$aY$d20230402
=SRC  \\$aCoherent Digital WHO$bWHOrecords20230329.lex
=LAS  \\$aBATCH-UPD$b00$c20230402$lBLL01$h2229

