=LDR  01780nam a22004573i 4500
=001  021013243
=003  Uk
=005  20230402222605.0
=006  m\\\\||\\d\|\\\\\\
=007  cr\|||||||||||
=008  230321s2022\\\\sz\|||||o\\\\||||\||fre\\
=FMT  \\$a  BK
=040  \\$aVaAlCD$beng$cVaAlCD$dUk
=041  \\$afre
=245  00$aModes opératoires normalisés pour déterminer la teneur en nicotine, glycérol et propylèneglycol des e-liquides : TobLabNet de l'OMS, méthode officielle, MON 11 /$cOrganisation mondiale de la Santé.
=264  \1$a[Switzerland] :$bWorld Health Organization,$c2022.
=300  \\$a1 online resource.
=336  \\$atext$2rdacontent
=337  \\$acomputer$2rdamedia
=338  \\$aonline resource$2rdacarrier
=653  \\$aTobacco
=653  \\$aanalysis
=653  \\$aconsumer product safety
=653  \\$aelectronic nicotine delivery systems
=653  \\$agenève
=653  \\$aglycerol
=653  \\$anicotine
=653  \\$apropylene glycol
=653  \\$astandards
=653  \\$atobacco
=653  \\$atoxicity tests
=710  2\$aWorld Health Organization.
=720  \\$aOrganisation mondiale de la Santé
=856  4\$uhttps://policycommons.net/artifacts/2270991/modes-operatoires-normalises-pour-determiner-la-teneur-en-nicotine-glycerol-et-propyleneglycol-des-e-liquides/3030808/$yWorld Health Organization document$ahttps://policycommons.net/
=859  \\$aORR$bWorld Health Organization
=884  \\$aLDL ebooks tsv to marcxml transformation using XSLTtest.xsl$g20230321$qUk
=CAT  \\$aBATCH-IGO$b00$c20230402$lBLL01$h2226
=CAT  \\$aBATCH-UPD$b00$c20230402$lBLL01$h2229
=FIN  \\$aY$d20230402
=SRC  \\$aCoherent Digital WHO$bWHOrecords20230329.lex
=LAS  \\$aBATCH-UPD$b00$c20230402$lBLL01$h2229

