=LDR  01467nam a22003613i 4500
=001  021013245
=003  Uk
=005  20230402222605.0
=006  m\\\\||\\d\|\\\\\\
=007  cr\|||||||||||
=008  230321s2022\\\\sz\|||||o\\\\||||\||eng\\
=FMT  \\$a  BK
=040  \\$aVaAlCD$beng$cVaAlCD$dUk
=245  00$aWeekly Bulletin on Outbreaks and other Emergencies: Week 15: 4 - 10 April 2022 /$cWorld Health Organization. Regional Office for Africa.
=264  \1$a[Switzerland] :$bWorld Health Organization,$c2022.
=300  \\$a1 online resource.
=336  \\$atext$2rdacontent
=337  \\$acomputer$2rdamedia
=338  \\$aonline resource$2rdacarrier
=653  \\$abrazzaville
=653  \\$acholera in cameroon
=653  \\$acholera in nigeria
=653  \\$acovid-19 across the who african region
=710  2\$aWorld Health Organization.
=720  \\$aWorld Health Organization. Regional Office for Africa
=856  4\$uhttps://policycommons.net/artifacts/2299298/weekly-bulletin-on-outbreaks-and-other-emergencies/3059826/$yWorld Health Organization document$ahttps://policycommons.net/
=859  \\$aORR$bWorld Health Organization
=884  \\$aLDL ebooks tsv to marcxml transformation using XSLTtest.xsl$g20230321$qUk
=CAT  \\$aBATCH-IGO$b00$c20230402$lBLL01$h2226
=CAT  \\$aBATCH-UPD$b00$c20230402$lBLL01$h2229
=FIN  \\$aY$d20230402
=SRC  \\$aCoherent Digital WHO$bWHOrecords20230329.lex
=LAS  \\$aBATCH-UPD$b00$c20230402$lBLL01$h2229

