=LDR  01719nam a22004693i 4500
=001  021013248
=003  Uk
=005  20230402222605.0
=006  m\\\\||\\d\|\\\\\\
=007  cr\|||||||||||
=008  230321s2022\\\\sz\|||||o\\\\||||\||eng\\
=FMT  \\$a  BK
=040  \\$aVaAlCD$beng$cVaAlCD$dUk
=245  00$aEnvironmental surveillance for SARS-COV-2 to complement public health surveillance: interim guidance, 14 April 2022 /$cWorld Health Organization.
=264  \1$a[Switzerland] :$bWorld Health Organization,$c2022.
=300  \\$a1 online resource.
=336  \\$atext$2rdacontent
=337  \\$acomputer$2rdamedia
=338  \\$aonline resource$2rdacarrier
=653  \\$aCOVID-19
=653  \\$aEpidemiology
=653  \\$abetacoronavirus
=653  \\$acovid-19
=653  \\$acovid-19 testing
=653  \\$adiagnosis
=653  \\$adisease outbreaks
=653  \\$aenvironmental monitoring
=653  \\$aepidemiology
=653  \\$ageneva
=653  \\$aguideline
=653  \\$apublic health surveillance
=653  \\$asars-cov-2
=710  2\$aWorld Health Organization.
=720  \\$aWorld Health Organization
=856  4\$uhttps://policycommons.net/artifacts/2391489/environmental-surveillance-for-sars-cov-2-to-complement-public-health-surveillance/3412941/$yWorld Health Organization document$ahttps://policycommons.net/
=859  \\$aORR$bWorld Health Organization
=884  \\$aLDL ebooks tsv to marcxml transformation using XSLTtest.xsl$g20230321$qUk
=CAT  \\$aBATCH-IGO$b00$c20230402$lBLL01$h2226
=CAT  \\$aBATCH-UPD$b00$c20230402$lBLL01$h2229
=FIN  \\$aY$d20230402
=SRC  \\$aCoherent Digital WHO$bWHOrecords20230329.lex
=LAS  \\$aBATCH-UPD$b00$c20230402$lBLL01$h2229

