=LDR  02014nam a22004933i 4500
=001  021013252
=003  Uk
=005  20230402222605.0
=006  m\\\\||\\d\|\\\\\\
=007  cr\|||||||||||
=008  230321s2022\\\\sz\|||||o\\\\||||\||eng\\
=FMT  \\$a  BK
=040  \\$aVaAlCD$beng$cVaAlCD$dUk
=245  00$aHealth system performance assessment: a framework for policy analysis /$cIrene Papanicolas, Dheepa Rajan, Marina Karanikolos, Agnes Soucat, Josep Figueras, World Health Organization, European Observatory on Health Systems and Policies.
=264  \1$a[Switzerland] :$bWorld Health Organization,$c2022.
=300  \\$a1 online resource.
=336  \\$atext$2rdacontent
=337  \\$acomputer$2rdamedia
=338  \\$aonline resource$2rdacarrier
=653  \\$acomparative effectiveness research
=653  \\$ageneva
=653  \\$ahealth care quality, access, and evaluation
=653  \\$ahealth care surveys
=653  \\$ahealth impact assessment
=653  \\$ahealth services administration
=653  \\$aoutcome and process assessment, health care
=653  \\$aquality assurance, health care
=653  \\$auniversal health insurance
=700  1\$aPapanicolas, Irene.
=700  1\$aRajan, Dheepa.
=700  1\$aKaranikolos, Marina.
=700  1\$aSoucat, Agnes.
=700  1\$aFigueras, Josep.
=710  2\$aWorld Health Organization.
=720  \\$aWorld Health Organization
=720  \\$aEuropean Observatory on Health Systems and Policies
=856  4\$uhttps://policycommons.net/artifacts/2367952/health-system-performance-assessment/3388969/$yWorld Health Organization document$ahttps://policycommons.net/
=859  \\$aORR$bWorld Health Organization
=884  \\$aLDL ebooks tsv to marcxml transformation using XSLTtest.xsl$g20230321$qUk
=CAT  \\$aBATCH-IGO$b00$c20230402$lBLL01$h2226
=CAT  \\$aBATCH-UPD$b00$c20230402$lBLL01$h2229
=FIN  \\$aY$d20230402
=SRC  \\$aCoherent Digital WHO$bWHOrecords20230329.lex
=LAS  \\$aBATCH-UPD$b00$c20230402$lBLL01$h2229

