=LDR  02600nam a22004213i 4500
=001  021013253
=003  Uk
=005  20230402222605.0
=006  m\\\\||\\d\|\\\\\\
=007  cr\|||||||||||
=008  230321s2022\\\\sz\|||||o\\\\||||\||eng\\
=FMT  \\$a  BK
=040  \\$aVaAlCD$beng$cVaAlCD$dUk
=245  00$aRegional technical consultation on implementation of the WHO European Framework for Action on Mental Health 2021-2025 through the Pan-European Mental Health Coalition: virtual meeting, 15-16 February 2022 /$cWorld Health Organization. Regional Office for Europe.
=264  \1$a[Switzerland] :$bWorld Health Organization,$c2022.
=300  \\$a1 online resource.
=336  \\$atext$2rdacontent
=337  \\$acomputer$2rdamedia
=338  \\$aonline resource$2rdacarrier
=520  3\$aA regional technical consultation on implementation of the WHO European Framework for Action on Mental Health 2021-2025 (‎EFAMH)‎ through the Pan-European Mental Health Coalition took place on 15 and 16 February 2022 in a virtual format. The participants were all the parties who had expressed interest in joining the Pan-European Mental Health Coalition. Participants discussed the three key priorities of the EFAMH: to transform mental health services.
=520  3\$ato integrate mental health into emergency response and recovery plans.
=520  3\$aand to promote and protect mental health across the life-course. The Secretariat provided information on the criteria for membership of the Coalition and invited participants to contribute to the development of the six work packages. The first meeting of the Coalition is scheduled for May 2022.
=653  \\$aEurope
=653  \\$aMental Health
=653  \\$acopenhagen
=653  \\$aeurope
=653  \\$amental health
=653  \\$auniversal health care
=710  2\$aWorld Health Organization.
=720  \\$aWorld Health Organization. Regional Office for Europe
=856  4\$uhttps://policycommons.net/artifacts/2391479/regional-technical-consultation-on-implementation-of-the-who-european-framework-for-action-on-mental-health-2021-2025-through-the-pan-european-mental-health-coalition/3412898/$yWorld Health Organization document$ahttps://policycommons.net/
=859  \\$aORR$bWorld Health Organization
=884  \\$aLDL ebooks tsv to marcxml transformation using XSLTtest.xsl$g20230321$qUk
=CAT  \\$aBATCH-IGO$b00$c20230402$lBLL01$h2226
=CAT  \\$aBATCH-UPD$b00$c20230402$lBLL01$h2229
=FIN  \\$aY$d20230402
=SRC  \\$aCoherent Digital WHO$bWHOrecords20230329.lex
=LAS  \\$aBATCH-UPD$b00$c20230402$lBLL01$h2229

