=LDR  01766nam a22004693i 4500
=001  021013255
=003  Uk
=005  20230402222605.0
=006  m\\\\||\\d\|\\\\\\
=007  cr\|||||||||||
=008  230321s2022\\\\sz\|||||o\\\\||||\||eng\\
=FMT  \\$a  BK
=040  \\$aVaAlCD$beng$cVaAlCD$dUk
=245  00$aАқ Желеңділер: көзден тасадағы қауіппен күрес /$cДүниежүзілік денсаулық сақтау ұйымы. Еуропалық өңірлік бюросы.
=264  \1$a[Switzerland] :$bWorld Health Organization,$c2022.
=300  \\$a1 online resource.
=336  \\$atext$2rdacontent
=337  \\$acomputer$2rdamedia
=338  \\$aonline resource$2rdacarrier
=520  3\$a25 б.
=653  \\$aChild Health
=653  \\$aCOVID-19
=653  \\$aEducation
=653  \\$aSchools
=653  \\$aYouth Health
=653  \\$aadolescent health
=653  \\$achild health
=653  \\$acovid-19
=653  \\$aeducation
=653  \\$ahygiene
=653  \\$aschools
=653  \\$aкопенгаген
=710  2\$aWorld Health Organization.
=720  \\$aДүниежүзілік денсаулық сақтау ұйымы. Еуропалық өңірлік бюросы
=856  4\$uhttps://policycommons.net/artifacts/2392906/ak-zhelendiler/3414405/$yWorld Health Organization document$ahttps://policycommons.net/
=859  \\$aORR$bWorld Health Organization
=884  \\$aLDL ebooks tsv to marcxml transformation using XSLTtest.xsl$g20230321$qUk
=CAT  \\$aBATCH-IGO$b00$c20230402$lBLL01$h2226
=CAT  \\$aBATCH-UPD$b00$c20230402$lBLL01$h2229
=FIN  \\$aY$d20230402
=SRC  \\$aCoherent Digital WHO$bWHOrecords20230329.lex
=LAS  \\$aBATCH-UPD$b00$c20230402$lBLL01$h2229

