=LDR  01564nam a22004093i 4500
=001  021013258
=003  Uk
=005  20230402222605.0
=006  m\\\\||\\d\|\\\\\\
=007  cr\|||||||||||
=008  230321s2022\\\\sz\|||||o\\\\||||\||eng\\
=FMT  \\$a  BK
=040  \\$aVaAlCD$beng$cVaAlCD$dUk
=245  00$aTool to assess impact of human resources for health investments on HIV, TB and malaria services and health outcomes: web annex A: lives saved calculator.
=264  \1$a[Switzerland] :$bWorld Health Organization,$c2022.
=300  \\$a1 online resource.
=336  \\$atext$2rdacontent
=337  \\$acomputer$2rdamedia
=338  \\$aonline resource$2rdacarrier
=520  3\$aExcel spreadsheet.
=653  \\$aAids
=653  \\$aMalaria
=653  \\$aTuberculosis
=653  \\$acost of illness
=653  \\$ageneva
=653  \\$ahiv infections
=653  \\$amalaria
=653  \\$atuberculosis
=710  2\$aWorld Health Organization.
=856  4\$uhttps://policycommons.net/artifacts/2391464/tool-to-assess-impact-of-human-resources-for-health-investments-on-hiv-tb-and-malaria-services-and-health-outcomes/$yWorld Health Organization document$ahttps://policycommons.net/
=859  \\$aORR$bWorld Health Organization
=884  \\$aLDL ebooks tsv to marcxml transformation using XSLTtest.xsl$g20230321$qUk
=CAT  \\$aBATCH-IGO$b00$c20230402$lBLL01$h2226
=CAT  \\$aBATCH-UPD$b00$c20230402$lBLL01$h2229
=FIN  \\$aY$d20230402
=SRC  \\$aCoherent Digital WHO$bWHOrecords20230329.lex
=LAS  \\$aBATCH-UPD$b00$c20230402$lBLL01$h2229

