=LDR  01576nam a22003613i 4500
=001  021013266
=003  Uk
=005  20230402222605.0
=006  m\\\\||\\d\|\\\\\\
=007  cr\|||||||||||
=008  230321s2022\\\\sz\|||||o\\\\||||\||fre\\
=FMT  \\$a  BK
=040  \\$aVaAlCD$beng$cVaAlCD$dUk
=041  \\$afre
=245  00$aLearning multiplier effect of OpenWHO.org: use of online learning materials - Effet multiplicateur d'apprentissage de OpenWHO. org: utilisation de matériels d'apprentissage en ligne au-delà de la plateforme /$cWorld Health Organization = Organisation mondiale de la Santé.
=264  \1$a[Switzerland] :$bWorld Health Organization,$c2022.
=300  \\$a1 online resource.
=336  \\$atext$2rdacontent
=337  \\$acomputer$2rdamedia
=338  \\$aonline resource$2rdacarrier
=653  \\$aDistance Education
=653  \\$ageneva = genève
=653  \\$aonline learning
=710  2\$aWorld Health Organization.
=720  \\$aWorld Health Organization = Organisation mondiale de la Santé
=856  4\$uhttps://policycommons.net/artifacts/2195478/learning-multiplier-effect-of-openwhoorg/2951721/$yWorld Health Organization document$ahttps://policycommons.net/
=859  \\$aORR$bWorld Health Organization
=884  \\$aLDL ebooks tsv to marcxml transformation using XSLTtest.xsl$g20230321$qUk
=CAT  \\$aBATCH-IGO$b00$c20230402$lBLL01$h2226
=CAT  \\$aBATCH-UPD$b00$c20230402$lBLL01$h2229
=FIN  \\$aY$d20230402
=SRC  \\$aCoherent Digital WHO$bWHOrecords20230329.lex
=LAS  \\$aBATCH-UPD$b00$c20230402$lBLL01$h2229

