=LDR  02008nam a22004453i 4500
=001  021013267
=003  Uk
=005  20230402222605.0
=006  m\\\\||\\d\|\\\\\\
=007  cr\|||||||||||
=008  230321s2022\\\\sz\|||||o\\\\||||\||mac\\
=FMT  \\$a  BK
=040  \\$aVaAlCD$beng$cVaAlCD$dUk
=041  \\$amac
=245  00$aЗдравствени системи во акција: Северна Македонија /$cЕвропска опсерваторија за здравствени системи и политики, Светска здравствена организација. Регионална канцеларија за Европа.
=264  \1$a[Switzerland] :$bWorld Health Organization,$c2022.
=300  \\$a1 online resource.
=336  \\$atext$2rdacontent
=337  \\$acomputer$2rdamedia
=338  \\$aonline resource$2rdacarrier
=520  3\$a25 стр.
=653  \\$aHealth Policy
=653  \\$aHealth Services
=653  \\$ahealthcare financing
=653  \\$ahealth policy
=653  \\$ahealth services
=653  \\$ahealth systems plans
=653  \\$arepublic of north macedonia
=653  \\$aкопенхаген
=710  2\$aWorld Health Organization.
=720  \\$aЕвропска опсерваторија за здравствени системи и политики
=720  \\$aСветска здравствена организација. Регионална канцеларија за Европа
=856  4\$uhttps://policycommons.net/artifacts/2182244/zdravstveni-sistemi-vo-aktsija/2938221/$yWorld Health Organization document$ahttps://policycommons.net/
=859  \\$aORR$bWorld Health Organization
=884  \\$aLDL ebooks tsv to marcxml transformation using XSLTtest.xsl$g20230321$qUk
=CAT  \\$aBATCH-IGO$b00$c20230402$lBLL01$h2226
=CAT  \\$aBATCH-UPD$b00$c20230402$lBLL01$h2229
=FIN  \\$aY$d20230402
=SRC  \\$aCoherent Digital WHO$bWHOrecords20230329.lex
=LAS  \\$aBATCH-UPD$b00$c20230402$lBLL01$h2229

