=LDR  04989nam a22004093i 4500
=001  021013268
=003  Uk
=005  20230402222605.0
=006  m\\\\||\\d\|\\\\\\
=007  cr\|||||||||||
=008  230321s2022\\\\sz\|||||o\\\\||||\||geo\\
=FMT  \\$a  BK
=040  \\$aVaAlCD$beng$cVaAlCD$dUk
=041  \\$ageo
=245  00$aრეაბილიტაციის მხარდაჭერა: პოსტ-კოვიდური მდგომარეობის თვით-მართვა, მეორე გამოცემა /$cჯანმრთელობის მსოფლიო ორგანიზაციის. ევროპის რეგიონული ოფისი.
=264  \1$a[Switzerland] :$bWorld Health Organization,$c2022.
=300  \\$a1 online resource.
=336  \\$atext$2rdacontent
=337  \\$acomputer$2rdamedia
=338  \\$aonline resource$2rdacarrier
=520  3\$aწარმოდგენილი ბროშურა და რეკომენდაციები განკუთვნილია COVID-19-ისგან გამოჯანმრთელების პროცესში მყოფი მოზრდილებისთვის. ბროშურით სარგებლობა შეუძლიათ როგორც პირებს, რომლებიც გადიან ჰოსპიტალიზაციის შემდგომ პერიოდს, ასევე, გამოჯანმრთელების პროცესში მყოფ ადამინებს, რომლებსაც არ დასჭირდათ ჰოსპიტალში მკურნალობა. ექიმებისგან მიღებულ სამედიცინო დახმარებასთან ერთად, ბროშურა ადამიანებს დამატებითი ინფორმაციის მიღებასა და ზრუნვის გაუმჯობესებაში დაეხმარება. ეს არის მეორე გამოცემა იმ ბროშურისა, რომელიც თავდაპირველად 2020 წლის შუა პერიოდში გამოიცა და რამდენიმე განახლებულ განყოფილებასა და ახალ თემას მოიცავს. იგი აერთიანებს იმ ინფორმაციას რაც კოვიდ-მდგომარეობისა და მისგან გამოჯანმრთლების პროცესზე ბოლო ერთი წლის განმავლობაში გახდა ცნობილი. ბროშურა შედგენილია რეაბილიტაციის სპეციალისტების მიერ, COVID-19-ისგან გამოჯანმრთელებულ ადამიანებთან კონსულტაციის საფუძველზე. მიუხედავად იმისა, რომ მისი წაკითხვის გამარტივების მიზნით ბროშურაში რეფერენციები (‎მტკიცებულებები)‎ წარმოდგენილი არ არის, ყველა რეკომენდაცია მომზადებულია მტკიცებულებებზე დაყრდნობით. ჯერ კიდევ ბევრი რამ არ ვიცით პოსტ-კოვიდური მდგომარეობის შესახებ და ახალი მტკიცებულებები ძალიან სწრაფად იჩენს თავს.
=653  \\$aCOVID-19
=653  \\$abetacoronavirus
=653  \\$acovid-19
=653  \\$adisease outbreaks
=653  \\$arehabilitation
=653  \\$aკოპენჰაგენი
=710  2\$aWorld Health Organization.
=720  \\$aჯანმრთელობის მსოფლიო ორგანიზაციის. ევროპის რეგიონული ოფისი
=856  4\$uhttps://policycommons.net/artifacts/2223355/reabilitaciis-mxardachera/2980790/$yWorld Health Organization document$ahttps://policycommons.net/
=859  \\$aORR$bWorld Health Organization
=884  \\$aLDL ebooks tsv to marcxml transformation using XSLTtest.xsl$g20230321$qUk
=CAT  \\$aBATCH-IGO$b00$c20230402$lBLL01$h2226
=CAT  \\$aBATCH-UPD$b00$c20230402$lBLL01$h2229
=FIN  \\$aY$d20230402
=SRC  \\$aCoherent Digital WHO$bWHOrecords20230329.lex
=LAS  \\$aBATCH-UPD$b00$c20230402$lBLL01$h2229

