=LDR  02946nam a22004213i 4500
=001  021013270
=003  Uk
=005  20230402222605.0
=006  m\\\\||\\d\|\\\\\\
=007  cr\|||||||||||
=008  230321s2022\\\\sz\|||||o\\\\||||\||arm\\
=FMT  \\$a  BK
=040  \\$aVaAlCD$beng$cVaAlCD$dUk
=041  \\$aarm
=245  00$a«Սթրեսը հաղթահարելու կարևոր հմտություններ» նկարազարդ ուղեցույց /$cԱռողջապահության համաշխարհային կազմակերպություն.
=264  \1$a[Switzerland] :$bWorld Health Organization,$c2022.
=300  \\$a1 online resource.
=336  \\$atext$2rdacontent
=337  \\$acomputer$2rdamedia
=338  \\$aonline resource$2rdacarrier
=520  3\$aԳիրքը բաղկացած է հինգ գլխից, որոնցից յուրաքանչյուրը պատմում է նոր գաղափարների և մեթոդների մասին: Դրանք հեշտ են յուրացվում, և կարելի է կիրառել ամեն օր ընդամենը մի քանի րոպե՝ սթրեսըթուլացնելու համար: Մի քանի օրը մեկ կարող եք ընթերցել մի գլուխ և փորձել գործնական վարժությունները, իսկ ազատ օրերին վերհիշել ստացած տեղեկատվությունը: Կարող եք նաև միանգամից ընթերցել գիրքը՝ գործնականում կիրառելով ինչ որ կարող եք: Կարող եք նորից անդրադառնալ՝ աստիճանաբար յուրացնելով գաղափարներն ու գործնականում փորձել առաջարկվող մեթոդները: Կարող եք ուղեցույցն ընթերցել տանը, աշխատանքային ընդմիջմանը, հանգստի ժամանակ, քնելուց առաջ կամ ցանկացած ժամանակ, երբ հնարավորություն ունեք հոգ տա նել ձեր մա սին.
=653  \\$aMental Health
=653  \\$a10665/336712
=653  \\$abooks, illustrated
=653  \\$ahandbook
=653  \\$amental health
=653  \\$astress, psychological
=653  \\$aկոպենհագեն
=710  2\$aWorld Health Organization.
=720  \\$aԱռողջապահության համաշխարհային կազմակերպություն
=856  4\$uhttps://policycommons.net/artifacts/2238747/strese-haghtaharelow-karewor-hmtowtyownner-nkarazard-owghetsowyts/2996801/$yWorld Health Organization document$ahttps://policycommons.net/
=859  \\$aORR$bWorld Health Organization
=884  \\$aLDL ebooks tsv to marcxml transformation using XSLTtest.xsl$g20230321$qUk
=CAT  \\$aBATCH-IGO$b00$c20230402$lBLL01$h2226
=CAT  \\$aBATCH-UPD$b00$c20230402$lBLL01$h2229
=FIN  \\$aY$d20230402
=SRC  \\$aCoherent Digital WHO$bWHOrecords20230329.lex
=LAS  \\$aBATCH-UPD$b00$c20230402$lBLL01$h2229

