=LDR  01951nam a22004573i 4500
=001  021013271
=003  Uk
=005  20230402222605.0
=006  m\\\\||\\d\|\\\\\\
=007  cr\|||||||||||
=008  230321s2022\\\\sz\|||||o\\\\||||\||eng\\
=FMT  \\$a  BK
=040  \\$aVaAlCD$beng$cVaAlCD$dUk
=245  00$aReconstruire de manière plus juste: renforcer l'équité en santé dans la Région de la Méditerranée orientale: rapport de la commission des déterminants sociaux de la santé dans la Région de la Méditerranée orientale. résumé d'orientation /$cOrganisation mondiale de la Santé. Bureau régional de la Méditerranée orientale.
=264  \1$a[Switzerland] :$bWorld Health Organization,$c2022.
=300  \\$a1 online resource.
=336  \\$atext$2rdacontent
=337  \\$acomputer$2rdamedia
=338  \\$aonline resource$2rdacarrier
=653  \\$aCOVID-19
=653  \\$aMediterranean Region
=653  \\$abetacoronavirus
=653  \\$acaire
=653  \\$acovid-19
=653  \\$adisease outbreaks
=653  \\$ahealthcare disparities
=653  \\$ahealth equity
=653  \\$ahealth status disparities
=653  \\$ahealth systems
=653  \\$amediterranean region
=653  \\$asocial determinants of health
=710  2\$aWorld Health Organization.
=720  \\$aOrganisation mondiale de la Santé. Bureau régional de la Méditerranée orientale
=856  4\$uhttps://policycommons.net/artifacts/2470815/reconstruire-de-maniere-plus-juste/3492822/$yWorld Health Organization document$ahttps://policycommons.net/
=859  \\$aORR$bWorld Health Organization
=884  \\$aLDL ebooks tsv to marcxml transformation using XSLTtest.xsl$g20230321$qUk
=CAT  \\$aBATCH-IGO$b00$c20230402$lBLL01$h2226
=CAT  \\$aBATCH-UPD$b00$c20230402$lBLL01$h2229
=FIN  \\$aY$d20230402
=SRC  \\$aCoherent Digital WHO$bWHOrecords20230329.lex
=LAS  \\$aBATCH-UPD$b00$c20230402$lBLL01$h2229

