=LDR  02371nam a22004453i 4500
=001  021013273
=003  Uk
=005  20230402222605.0
=006  m\\\\||\\d\|\\\\\\
=007  cr\|||||||||||
=008  230321s2022\\\\sz\|||||o\\\\||||\||fre\\
=FMT  \\$a  BK
=040  \\$aVaAlCD$beng$cVaAlCD$dUk
=041  \\$afre
=245  00$aCommunication efficace sur les risques pour l'environnement et la santé: rapport stratégique sur les tendances récentes, les théories et les concepts /$cOrganisation mondiale de la Santé. Bureau régional de l'Europe.
=264  \1$a[Switzerland] :$bWorld Health Organization,$c2022.
=300  \\$a1 online resource.
=336  \\$atext$2rdacontent
=337  \\$acomputer$2rdamedia
=338  \\$aonline resource$2rdacarrier
=520  3\$aCe rapport offre une présentation stratégique de la communication efficace sur les risques pour l'environnement et la santé dans le monde, tout particulièrement en Europe. Il survole les dernières tendances, les théories et les concepts sur ce sujet, et recense les principales difficultés et les bonnes pratiques. Les constats dressés par le rapport sont complétés par trois études de cas : sur la promotion de la qualité de l'air intérieur dans les écoles en Hongrie.
=520  3\$asur la contamination de l'eau dans la région de la Vénétie en Italie.
=520  3\$aet sur l'action sanitaire contre la chaleur en Styrie (‎Autriche)‎.
=653  \\$aEnvironmental Health
=653  \\$aPublic Health
=653  \\$acommunication
=653  \\$acopenhague
=653  \\$aenvironment
=653  \\$aenvironmental health
=653  \\$apublic health
=710  2\$aWorld Health Organization.
=720  \\$aOrganisation mondiale de la Santé. Bureau régional de l'Europe
=856  4\$uhttps://policycommons.net/artifacts/2258470/communication-efficace-sur-les-risques-pour-lenvironnement-et-la-sante/3017087/$yWorld Health Organization document$ahttps://policycommons.net/
=859  \\$aORR$bWorld Health Organization
=884  \\$aLDL ebooks tsv to marcxml transformation using XSLTtest.xsl$g20230321$qUk
=CAT  \\$aBATCH-IGO$b00$c20230402$lBLL01$h2226
=CAT  \\$aBATCH-UPD$b00$c20230402$lBLL01$h2229
=FIN  \\$aY$d20230402
=SRC  \\$aCoherent Digital WHO$bWHOrecords20230329.lex
=LAS  \\$aBATCH-UPD$b00$c20230402$lBLL01$h2229

