=LDR  04878nam a22004333i 4500
=001  021013274
=003  Uk
=005  20230402222605.0
=006  m\\\\||\\d\|\\\\\\
=007  cr\|||||||||||
=008  230321s2022\\\\sz\|||||o\\\\||||\||rus\\
=FMT  \\$a  BK
=040  \\$aVaAlCD$beng$cVaAlCD$dUk
=041  \\$arus
=245  00$aСовещание высокого уровня: от сбоев в работе к улучшению результатов работы - стратегии, способствующие восстановлению служб здравоохранения. Совещание в виртуальном формате, организованное Европейским региональным бюро ВОЗ, 15 ноября 2021 г /$cВсемирная организация здравоохранения. Европейское региональное бюро.
=264  \1$a[Switzerland] :$bWorld Health Organization,$c2022.
=300  \\$a1 online resource.
=336  \\$atext$2rdacontent
=337  \\$acomputer$2rdamedia
=338  \\$aonline resource$2rdacarrier
=520  3\$aУчастники совещания высокого уровня рассмотрели вопросы жизнестойкости систем здравоохранения и стратегии, направленные на устранение задержек в медицинском обслуживании, образовавшихся в Европейском регионе ВОЗ в период пандемии COVID-19. На совещании также был официально представлен доклад под названием Health systems resilience during COVID-19: lessons for building back better [‎Жизнестойкость систем здравоохранения в период пандемии COVID-19: важные уроки для восстановления и улучшения]‎. Представители государств-членов и региональных бюро ВОЗ сообщили о том, что по-прежнему существуют сбои в предоставлении многих основных медицинских услуг, в результате чего образуются длинные списки очередников. К числу наиболее распространенных мер, предпринимаемых странами для решения данной проблемы, относится перепрофилирование служб, наем медицинского персонала, укрепление партнерских отношений между государственным и частным сектором и внедрение решений в области цифрового здравоохранения. Участники совещания пришли к выводу, что мероприятия по восстановлению медицинского обслуживания должны проводиться с учетом особенностей местных систем здравоохранения, контекста и проблематики. Немедленные первоочередные действия, направленные на устранение сбоев в оказании медицинских услуг и их адаптацию, а также на восстановление систем здравоохранения в Регионе, должны осуществляться с акцентом на повышение потенциала медицинского персонала, более активное применение технологий цифрового здравоохранения и укрепление.
=653  \\$aCOVID-19
=653  \\$aEurope
=653  \\$aHealth Services
=653  \\$acovid-19
=653  \\$aeurope
=653  \\$ahealth services
=653  \\$ahealth systems plans
=653  \\$aкопенгаген
=710  2\$aWorld Health Organization.
=720  \\$aВсемирная организация здравоохранения. Европейское региональное бюро
=856  4\$uhttps://policycommons.net/artifacts/2233423/soveshchanie-vysokogo-urovnia/2991354/$yWorld Health Organization document$ahttps://policycommons.net/
=859  \\$aORR$bWorld Health Organization
=884  \\$aLDL ebooks tsv to marcxml transformation using XSLTtest.xsl$g20230321$qUk
=CAT  \\$aBATCH-IGO$b00$c20230402$lBLL01$h2226
=CAT  \\$aBATCH-UPD$b00$c20230402$lBLL01$h2229
=FIN  \\$aY$d20230402
=SRC  \\$aCoherent Digital WHO$bWHOrecords20230329.lex
=LAS  \\$aBATCH-UPD$b00$c20230402$lBLL01$h2229

