=LDR  01967nam a22003973i 4500
=001  021013275
=003  Uk
=005  20230402222605.0
=006  m\\\\||\\d\|\\\\\\
=007  cr\|||||||||||
=008  230321s2022\\\\sz\|||||o\\\\||||\||spa\\
=FMT  \\$a  BK
=040  \\$aVaAlCD$beng$cVaAlCD$dUk
=041  \\$aspa
=245  00$aHoja de ruta del SAGE de la OMS para el establecimiento de prioridades en el uso de vacunas contra la COVID-19: conjunto de criterios para optimizar el impacto mundial de las vacunas contra la COVID-19 sobre la base de los objetivos de salud pública, la equidad mundial y nacional y los escenarios de acceso a las vacunas y cobertura vacunal, primera publicación: 20 de octubre de 2020, actualización: 13 de noviembre de 2020, actualización: 16 de julio de 2021, última actualización: 21 de enero de 2022 /$cOrganización Mundial de la Salud.
=264  \1$a[Switzerland] :$bWorld Health Organization,$c2022.
=300  \\$a1 online resource.
=336  \\$atext$2rdacontent
=337  \\$acomputer$2rdamedia
=338  \\$aonline resource$2rdacarrier
=653  \\$aCOVID-19
=653  \\$abetacoronavirus
=653  \\$acovid-19
=653  \\$acovid-19 vaccines
=653  \\$adisease outbreaks
=653  \\$aginebra
=710  2\$aWorld Health Organization.
=720  \\$aOrganización Mundial de la Salud
=856  4\$uhttps://policycommons.net/artifacts/2246234/hoja-de-ruta-del-sage-de-la-oms-para-el-establecimiento-de-prioridades-en-el-uso-de-vacunas-contra-la-covid-19/3004930/$yWorld Health Organization document$ahttps://policycommons.net/
=859  \\$aORR$bWorld Health Organization
=884  \\$aLDL ebooks tsv to marcxml transformation using XSLTtest.xsl$g20230321$qUk
=CAT  \\$aBATCH-IGO$b00$c20230402$lBLL01$h2226
=CAT  \\$aBATCH-UPD$b00$c20230402$lBLL01$h2229
=FIN  \\$aY$d20230402
=SRC  \\$aCoherent Digital WHO$bWHOrecords20230329.lex
=LAS  \\$aBATCH-UPD$b00$c20230402$lBLL01$h2229

