=LDR  03189nam a22003973i 4500
=001  021013276
=003  Uk
=005  20230402222605.0
=006  m\\\\||\\d\|\\\\\\
=007  cr\|||||||||||
=008  230321s2022\\\\sz\|||||o\\\\||||\||eng\\
=FMT  \\$a  BK
=040  \\$aVaAlCD$beng$cVaAlCD$dUk
=245  00$aSugar-sweetened beverage taxes in the WHO European Region: success through lessons learned and challenges faced /$cWorld Health Organization. Regional Office for Europe.
=264  \1$a[Switzerland] :$bWorld Health Organization,$c2022.
=300  \\$a1 online resource.
=336  \\$atext$2rdacontent
=337  \\$acomputer$2rdamedia
=338  \\$aonline resource$2rdacarrier
=520  3\$aThis study examined sugar-sweetened beverage (‎SSB)‎ taxes in the WHO European Region, which are recommendedas part of government efforts to prevent noncommunicable diseases (‎NCDs)‎ such as cardiovascular diseasesand diabetes. The aim was to better understand factors that support the uptake of SSB taxes at national levelin order to support policy-making in other countries both in the WHO European Region and more broadly.Information was taken from policy documents, media, national statistics and interviews with 20 policy-makers.Taxes were in place in Belgium, Finland, France, Hungary, Ireland, Latvia, Monaco, Norway, Portugal and theUnited Kingdom. The taxes were excise taxes or levies in all cases: that is, they were applied to industry ratherthan consumers. Although all taxes applied to carbonated soft drinks containing sugar, some also includedproducts such as sweetened milk, juice and artificially sweetened beverages. More recent taxes tended to applyhigher tax rates to beverages with higher sugar content.The taxes were implemented in the context of health policy commitments to prevent NCDs, which present amajor health burden. In seven countries a priority was also to increase government revenue. The introduction ofSSB taxation was supported by collaboration between health and tax policy-makers and was strongly opposedby the beverage industry, although the policy process was also influenced by external industry and publichealth stakeholders. Policy-makers continued to work to improve the taxes in response to new evidence andexperiences of SSB taxation in other countries.
=653  \\$aPublic Health
=653  \\$acopenhagen
=653  \\$adiffusion of innovation
=653  \\$anoncommunicable diseases
=653  \\$apublic health
=653  \\$asugar-sweetened beverages
=710  2\$aWorld Health Organization.
=720  \\$aWorld Health Organization. Regional Office for Europe
=856  4\$uhttps://policycommons.net/artifacts/2244624/sugar-sweetened-beverage-taxes-in-the-who-european-region/3002904/$yWorld Health Organization document$ahttps://policycommons.net/
=859  \\$aORR$bWorld Health Organization
=884  \\$aLDL ebooks tsv to marcxml transformation using XSLTtest.xsl$g20230321$qUk
=CAT  \\$aBATCH-IGO$b00$c20230402$lBLL01$h2226
=CAT  \\$aBATCH-UPD$b00$c20230402$lBLL01$h2229
=FIN  \\$aY$d20230402
=SRC  \\$aCoherent Digital WHO$bWHOrecords20230329.lex
=LAS  \\$aBATCH-UPD$b00$c20230402$lBLL01$h2229

