=LDR  04103nam a22005053i 4500
=001  021013277
=003  Uk
=005  20230402222605.0
=006  m\\\\||\\d\|\\\\\\
=007  cr\|||||||||||
=008  230321s2022\\\\sz\|||||o\\\\||||\||fre\\
=FMT  \\$a  BK
=040  \\$aVaAlCD$beng$cVaAlCD$dUk
=041  \\$afre
=245  03$aLa COVID-19 et l'utilisation d'outils de santé numériques : Une opportunité en pleine crise qui pourrait transformer les prestations de soins de santé /$cGemma A. Williams, Nick Fahy, Dalhia Aissat, Marie-Camille Lenormand, Louisa Stüwe, Isabelle Zablit-Schmidt, Samuel Delafuys, Yann-Maël Le Douarin, Natasha Azzopardi Muscat, l'Observatoire européen des systèmes et politiques de santé.
=264  \1$a[Switzerland] :$bWorld Health Organization,$c2022.
=300  \\$a1 online resource.
=336  \\$atext$2rdacontent
=337  \\$acomputer$2rdamedia
=338  \\$aonline resource$2rdacarrier
=520  3\$aLa plupart des pays ont des absences pour cause de maladie ou s'est avéré crucial pour soutenir la utilisé des services de messagerie ou des poursuite des soins de santé essentiels services en ligne afin de contacter les en élargissant le champ d'utilisation de la personnes éligibles à la vaccination, de santé numérique dans les services sociaux. [...] Certains de santé numériques pendant la pandémie, dans de nombreux pays pour compenser pays ont également utilisé des outils de le manque à gagner lié à la réduction santé numériques pour faire correspondre il a fallu prendre des mesures politiques dans les quatre domaines décrits dans des consultations en présentiel (voir l'offre et la demande de travailleurs l'article de Webb et al. [...] Par exemple, en Irlande, de disposer en temps utile des données de santé à des fins de recherche et le budget pour 2021 a engagé 58 millions d'élaboration de politiques publiques, et le Conseil européen a reconnu l'urgence d'euros pour développer la santé en ligne de travailler à la création d'un espace européen des données de santé (EHDS). [...] Les objectifs de l'EHDS sont de : Qualité • p romouvoir un échange sécurisé des données des patients (y compris lorsqu'ils Des efforts visant à promouvoir voyagent à l'étranger) et le contrôle des citoyens sur leurs données de santé l'amélioration de la qualité en matière • s outenir la recherche sur les soins de santé, les médicaments, les dispositifs d'utilisation des outils de santé médicaux et [...] Certains parcours de soins de l'OMS et du réseau de santé en ligne les prestations continues de services de ont également été adaptés, par exemple en de la Commission européenne) que par le santé et les changements de restrictions permettant la consultation à distance entre secteur privé, grâce à l'initiative d'Apple liées à la pandémie.
=653  \\$aCOVID-19
=653  \\$acopenhague
=653  \\$acovid-19
=653  \\$adelivery of health care
=653  \\$adigital technology
=700  1\$aWilliams, Gemma A.
=700  1\$aFahy, Nick.
=700  1\$aAissat, Dalhia.
=700  1\$aLenormand, Marie-Camille.
=700  1\$aStüwe, Louisa.
=700  1\$aZablit-Schmidt, Isabelle.
=700  1\$aDelafuys, Samuel.
=700  1\$aLe Douarin, Yann-Maël.
=700  1\$aMuscat, Natasha Azzopardi.
=710  2\$aWorld Health Organization.
=720  \\$al'Observatoire européen des systèmes et politiques de santé
=856  4\$uhttps://policycommons.net/artifacts/2198964/la-covid-19-et-lutilisation-doutils-de-sante-numeriques/2955328/$yWorld Health Organization document$ahttps://policycommons.net/
=859  \\$aORR$bWorld Health Organization
=884  \\$aLDL ebooks tsv to marcxml transformation using XSLTtest.xsl$g20230321$qUk
=CAT  \\$aBATCH-IGO$b00$c20230402$lBLL01$h2226
=CAT  \\$aBATCH-UPD$b00$c20230402$lBLL01$h2229
=FIN  \\$aY$d20230402
=SRC  \\$aCoherent Digital WHO$bWHOrecords20230329.lex
=LAS  \\$aBATCH-UPD$b00$c20230402$lBLL01$h2229

