=LDR  01631nam a22003493i 4500
=001  021013278
=003  Uk
=005  20230402222605.0
=006  m\\\\||\\d\|\\\\\\
=007  cr\|||||||||||
=008  230321s2022\\\\sz\|||||o\\\\||||\||eng\\
=FMT  \\$a  BK
=040  \\$aVaAlCD$beng$cVaAlCD$dUk
=245  00$aRecommended composition of influenza virus vaccines for use in the 2022-2023 northern hemisphere influenza season - Composition recommandée des vaccins antigrippaux pour la saison grippale 2022-2023 dans l'hémisphère Nord /$cWorld Health Organization = Organisation mondiale de la Santé.
=264  \1$a[Switzerland] :$bWorld Health Organization,$c2022.
=300  \\$a1 online resource.
=336  \\$atext$2rdacontent
=337  \\$acomputer$2rdamedia
=338  \\$aonline resource$2rdacarrier
=653  \\$aInfluenza
=653  \\$ageneva = genève
=653  \\$ainfluenza
=710  2\$aWorld Health Organization.
=720  \\$aWorld Health Organization = Organisation mondiale de la Santé
=856  4\$uhttps://policycommons.net/artifacts/2288189/recommended-composition-of-influenza-virus-vaccines-for-use-in-the-2022-2023-northern-hemisphere-influenza-season/3048303/$yWorld Health Organization document$ahttps://policycommons.net/
=859  \\$aORR$bWorld Health Organization
=884  \\$aLDL ebooks tsv to marcxml transformation using XSLTtest.xsl$g20230321$qUk
=CAT  \\$aBATCH-IGO$b00$c20230402$lBLL01$h2226
=CAT  \\$aBATCH-UPD$b00$c20230402$lBLL01$h2229
=FIN  \\$aY$d20230402
=SRC  \\$aCoherent Digital WHO$bWHOrecords20230329.lex
=LAS  \\$aBATCH-UPD$b00$c20230402$lBLL01$h2229

