=LDR  02039nam a22004453i 4500
=001  021013279
=003  Uk
=005  20230402222605.0
=006  m\\\\||\\d\|\\\\\\
=007  cr\|||||||||||
=008  230321s2022\\\\sz\|||||o\\\\||||\||pol\\
=FMT  \\$a  BK
=040  \\$aVaAlCD$beng$cVaAlCD$dUk
=041  \\$apol
=245  00$aPsychologiczna Pierwsza Pomoc: Przewodnik dla pracowników w terenie /$cŚwiatowa Organizacja Zdrowia.
=264  \1$a[Switzerland] :$bWorld Health Organization,$c2022.
=300  \\$a1 online resource.
=336  \\$atext$2rdacontent
=337  \\$acomputer$2rdamedia
=338  \\$aonline resource$2rdacarrier
=520  3\$aNiniejszy przewodnik został opracowany w celu stworzenia powszechnie akceptowanych materiałów do udzielania pierwszej pomocy psychologicznej w krajach o niskich i średnich dochodach. Niniejszy przewodnik - zatwierdzony przez wiele międzynarodowych agencji - odzwierciedla wyłaniającą się naukę i międzynarodowy konsensus dotyczący tego, jak wspierać ludzi w bezpośrednim następstwie skrajnie stresujących wydarzeń.
=653  \\$aEmergency Medical Services
=653  \\$aNatural Disasters
=653  \\$aadaptation, psychological
=653  \\$acrisis intervention
=653  \\$adisasters
=653  \\$aemergency medical services
=653  \\$afirst aid
=653  \\$akopenhaga
=653  \\$astress disorders, traumatic
=710  2\$aWorld Health Organization.
=720  \\$aŚwiatowa Organizacja Zdrowia
=856  4\$uhttps://policycommons.net/artifacts/2276726/psychologiczna-pierwsza-pomoc/3036687/$yWorld Health Organization document$ahttps://policycommons.net/
=859  \\$aORR$bWorld Health Organization
=884  \\$aLDL ebooks tsv to marcxml transformation using XSLTtest.xsl$g20230321$qUk
=CAT  \\$aBATCH-IGO$b00$c20230402$lBLL01$h2226
=CAT  \\$aBATCH-UPD$b00$c20230402$lBLL01$h2229
=FIN  \\$aY$d20230402
=SRC  \\$aCoherent Digital WHO$bWHOrecords20230329.lex
=LAS  \\$aBATCH-UPD$b00$c20230402$lBLL01$h2229

