=LDR  04636nam a22004693i 4500
=001  021013283
=003  Uk
=005  20230402222605.0
=006  m\\\\||\\d\|\\\\\\
=007  cr\|||||||||||
=008  230321s2022\\\\sz\|||||o\\\\||||\||rus\\
=FMT  \\$a  BK
=040  \\$aVaAlCD$beng$cVaAlCD$dUk
=041  \\$arus
=245  00$aВсемирная организация здравоохранения. Вместе выстроим лучше. Дорожная карта для осуществления Глобальных стратегических направлений укрепления сестринского и акушерского дела в Европейском регионе ВОЗ /$cВсемирная организация здравоохранения. Европейское региональное бюро.
=264  \1$a[Switzerland] :$bWorld Health Organization,$c2022.
=300  \\$a1 online resource.
=336  \\$atext$2rdacontent
=337  \\$acomputer$2rdamedia
=338  \\$aonline resource$2rdacarrier
=520  3\$aМедсестры и акушерки составляют половину численности профессиональных медицинских работников во всем мире. Они взаимодействуют с людьми на протяжении всей жизни и во всех типах условий, что составляет около 90% от общего числа контактов между пациентами и медицинскими работниками. Медсестры и акушерки могут предоставлять безопасные, высококачественные, действенные и ресурсоэффективные медицинские услуги, особенно для уязвимых, малообеспеченных и труднодоступных групп населения. Предоставление медсестрам и акушеркам возможности работать с полной реализацией своего профессионального потенциала имеет большое значение для достижения Целей в области устойчивого развития, обеспечения всеобщего охвата услугами здравоохранения и для удовлетворения текущих и будущих потребностей населения в области охраны здоровья. Настоящая Дорожная карта отражает первоочередные задачи, поставленные в Европейской программе работы ВОЗ, и содержит набор мероприятий, организованный в соответствии с четырьмя ключевыми областями политики и 12 стратегическими приоритетами, изложенными в документе ВОЗ «Глобальные стратегические направления укрепления сестринского и акушерского дела на 2021-2025 гг.» Предложены мероприятия для государств-членов и описаны конкретные области технической поддержки, которую может оказать Европейское региональное бюро ВОЗ.
=653  \\$aEducation
=653  \\$aEmployment
=653  \\$aLeadership
=653  \\$aNurses
=653  \\$adelivery of health care
=653  \\$aeducation
=653  \\$aemployment
=653  \\$aleadership
=653  \\$amidwifery
=653  \\$anurses
=653  \\$aкопенгаген
=710  2\$aWorld Health Organization.
=720  \\$aВсемирная организация здравоохранения. Европейское региональное бюро
=856  4\$uhttps://policycommons.net/artifacts/2195493/vsemirnaia-organizatsiia-zdravookhraneniia/2951877/$yWorld Health Organization document$ahttps://policycommons.net/
=859  \\$aORR$bWorld Health Organization
=884  \\$aLDL ebooks tsv to marcxml transformation using XSLTtest.xsl$g20230321$qUk
=CAT  \\$aBATCH-IGO$b00$c20230402$lBLL01$h2226
=CAT  \\$aBATCH-UPD$b00$c20230402$lBLL01$h2229
=FIN  \\$aY$d20230402
=SRC  \\$aCoherent Digital WHO$bWHOrecords20230329.lex
=LAS  \\$aBATCH-UPD$b00$c20230402$lBLL01$h2229

