=LDR  01637nam a22004333i 4500
=001  021013284
=003  Uk
=005  20230402222605.0
=006  m\\\\||\\d\|\\\\\\
=007  cr\|||||||||||
=008  230321s2022\\\\sz\|||||o\\\\||||\||chi\\
=FMT  \\$a  BK
=040  \\$aVaAlCD$beng$cVaAlCD$dUk
=041  \\$achi
=245  00$a世界本地化生产论坛: 增加获得药品及其他卫生技术的机会, 世界本地化生产论坛第一届会议报告, 2021 年 6 月 21 日至 25 日 /$c世界卫生组织.
=264  \1$a[Switzerland] :$bWorld Health Organization,$c2022.
=300  \\$a1 online resource.
=336  \\$atext$2rdacontent
=337  \\$acomputer$2rdamedia
=338  \\$aonline resource$2rdacarrier
=520  3\$aiv, 17 页.
=653  \\$aDeveloping Countries
=653  \\$aTechnology Transfer
=653  \\$adeveloping countries
=653  \\$adrugs, essential
=653  \\$aequipment and supplies
=653  \\$ameeting abstract
=653  \\$atechnology transfer
=653  \\$a日内瓦
=710  2\$aWorld Health Organization.
=720  \\$a世界卫生组织
=856  4\$uhttps://policycommons.net/artifacts/2273893/shi-jie-ben-di-hua-sheng-chan-lun-tan/3033753/$yWorld Health Organization document$ahttps://policycommons.net/
=859  \\$aORR$bWorld Health Organization
=884  \\$aLDL ebooks tsv to marcxml transformation using XSLTtest.xsl$g20230321$qUk
=CAT  \\$aBATCH-IGO$b00$c20230402$lBLL01$h2226
=CAT  \\$aBATCH-UPD$b00$c20230402$lBLL01$h2229
=FIN  \\$aY$d20230402
=SRC  \\$aCoherent Digital WHO$bWHOrecords20230329.lex
=LAS  \\$aBATCH-UPD$b00$c20230402$lBLL01$h2229

