=LDR  01673nam a22003973i 4500
=001  021013288
=003  Uk
=005  20230402222605.0
=006  m\\\\||\\d\|\\\\\\
=007  cr\|||||||||||
=008  230321s2022\\\\sz\|||||o\\\\||||\||spa\\
=FMT  \\$a  BK
=040  \\$aVaAlCD$beng$cVaAlCD$dUk
=041  \\$aspa
=245  00$aGuía para el día mundial de la inocuidad de los alimentos de 2022: alimentos inocuos, mejor salud /$cOrganización Mundial de la Salud, Organización de las Naciones Unidas para la Alimentación y la Agricultura.
=264  \1$a[Switzerland] :$bWorld Health Organization,$c2022.
=300  \\$a1 online resource.
=336  \\$atext$2rdacontent
=337  \\$acomputer$2rdamedia
=338  \\$aonline resource$2rdacarrier
=653  \\$aSustainable development
=653  \\$afoodborne diseases
=653  \\$afood safety
=653  \\$aginebra
=653  \\$asustainable development
=710  2\$aWorld Health Organization.
=720  \\$aOrganización Mundial de la Salud
=720  \\$aOrganización de las Naciones Unidas para la Alimentación y la Agricultura
=856  4\$uhttps://policycommons.net/artifacts/2266871/guia-para-el-dia-mundial-de-la-inocuidad-de-los-alimentos-de-2022/3026540/$yWorld Health Organization document$ahttps://policycommons.net/
=859  \\$aORR$bWorld Health Organization
=884  \\$aLDL ebooks tsv to marcxml transformation using XSLTtest.xsl$g20230321$qUk
=CAT  \\$aBATCH-IGO$b00$c20230402$lBLL01$h2226
=CAT  \\$aBATCH-UPD$b00$c20230402$lBLL01$h2229
=FIN  \\$aY$d20230402
=SRC  \\$aCoherent Digital WHO$bWHOrecords20230329.lex
=LAS  \\$aBATCH-UPD$b00$c20230402$lBLL01$h2229

