=LDR  01668nam a22004213i 4500
=001  021013289
=003  Uk
=005  20230402222605.0
=006  m\\\\||\\d\|\\\\\\
=007  cr\|||||||||||
=008  230321s2022\\\\sz\|||||o\\\\||||\||spa\\
=FMT  \\$a  BK
=040  \\$aVaAlCD$beng$cVaAlCD$dUk
=041  \\$aspa
=245  00$aForo Mundial sobre Producción Local: mejorar el acceso a los medicamentos y otras tecnologías de la salud, informe del primer Foro Mundial sobre Producción Local, 21-25 de junio de 2021 /$cOrganización Mundial de la Salud.
=264  \1$a[Switzerland] :$bWorld Health Organization,$c2022.
=300  \\$a1 online resource.
=336  \\$atext$2rdacontent
=337  \\$acomputer$2rdamedia
=338  \\$aonline resource$2rdacarrier
=653  \\$aDeveloping Countries
=653  \\$aTechnology Transfer
=653  \\$adeveloping countries
=653  \\$adrugs, essential
=653  \\$aequipment and supplies
=653  \\$aginebra
=653  \\$ameeting abstract
=653  \\$atechnology transfer
=710  2\$aWorld Health Organization.
=720  \\$aOrganización Mundial de la Salud
=856  4\$uhttps://policycommons.net/artifacts/2270224/foro-mundial-sobre-produccion-local/3030038/$yWorld Health Organization document$ahttps://policycommons.net/
=859  \\$aORR$bWorld Health Organization
=884  \\$aLDL ebooks tsv to marcxml transformation using XSLTtest.xsl$g20230321$qUk
=CAT  \\$aBATCH-IGO$b00$c20230402$lBLL01$h2226
=CAT  \\$aBATCH-UPD$b00$c20230402$lBLL01$h2229
=FIN  \\$aY$d20230402
=SRC  \\$aCoherent Digital WHO$bWHOrecords20230329.lex
=LAS  \\$aBATCH-UPD$b00$c20230402$lBLL01$h2229

