=LDR  01727nam a22004333i 4500
=001  021013293
=003  Uk
=005  20230402222605.0
=006  m\\\\||\\d\|\\\\\\
=007  cr\|||||||||||
=008  230321s2022\\\\sz\|||||o\\\\||||\||eng\\
=FMT  \\$a  BK
=040  \\$aVaAlCD$beng$cVaAlCD$dUk
=245  00$amhGAP humanitarian intervention guide (‎mhGAP-HIG)‎ training of health-care providers: training manual /$cWorld Health Organization, United Nations High Commissioner for Refugees.
=264  \1$a[Switzerland] :$bWorld Health Organization,$c2022.
=300  \\$a1 online resource.
=336  \\$atext$2rdacontent
=337  \\$acomputer$2rdamedia
=338  \\$aonline resource$2rdacarrier
=653  \\$aMental Illness
=653  \\$adelivery of health care
=653  \\$aemergencies
=653  \\$ageneva
=653  \\$amental disorders
=653  \\$anervous system diseases
=653  \\$arelief work
=653  \\$asubstance-related disorders
=653  \\$ateaching materials
=710  2\$aWorld Health Organization.
=720  \\$aWorld Health Organization
=720  \\$aUnited Nations High Commissioner for Refugees
=856  4\$uhttps://policycommons.net/artifacts/2391465/mhgap-humanitarian-intervention-guide-mhgap-hig-training-of-health-care-providers/3412890/$yWorld Health Organization document$ahttps://policycommons.net/
=859  \\$aORR$bWorld Health Organization
=884  \\$aLDL ebooks tsv to marcxml transformation using XSLTtest.xsl$g20230321$qUk
=CAT  \\$aBATCH-IGO$b00$c20230402$lBLL01$h2226
=CAT  \\$aBATCH-UPD$b00$c20230402$lBLL01$h2229
=FIN  \\$aY$d20230402
=SRC  \\$aCoherent Digital WHO$bWHOrecords20230329.lex
=LAS  \\$aBATCH-UPD$b00$c20230402$lBLL01$h2229

