=LDR  01844nam a22004453i 4500
=001  021013296
=003  Uk
=005  20230402222605.0
=006  m\\\\||\\d\|\\\\\\
=007  cr\|||||||||||
=008  230321s2022\\\\sz\|||||o\\\\||||\||rus\\
=FMT  \\$a  BK
=040  \\$aVaAlCD$beng$cVaAlCD$dUk
=041  \\$arus
=245  00$aПредварительные рекомендации по применению вакцины Bharat Biotech BBV152 COVAXIN® против COVID-19: Временное руководство, 3 ноября 2021 г /$cВсемирная организация здравоохранения.
=264  \1$a[Switzerland] :$bWorld Health Organization,$c2022.
=300  \\$a1 online resource.
=336  \\$atext$2rdacontent
=337  \\$acomputer$2rdamedia
=338  \\$aonline resource$2rdacarrier
=520  3\$a12 c.
=653  \\$aCOVID-19
=653  \\$aVaccines
=653  \\$abetacoronavirus
=653  \\$acovid-19
=653  \\$acovid-19 vaccines
=653  \\$adisease outbreaks
=653  \\$aguideline
=653  \\$avaccines
=653  \\$aкопенгаген
=710  2\$aWorld Health Organization.
=720  \\$aВсемирная организация здравоохранения
=856  4\$uhttps://policycommons.net/artifacts/2195412/predvaritelnye-rekomendatsii-po-primeneniiu-vaktsiny-bharat-biotech-bbv152-covaxinr-protiv-covid-19/2951781/$yWorld Health Organization document$ahttps://policycommons.net/
=859  \\$aORR$bWorld Health Organization
=884  \\$aLDL ebooks tsv to marcxml transformation using XSLTtest.xsl$g20230321$qUk
=CAT  \\$aBATCH-IGO$b00$c20230402$lBLL01$h2226
=CAT  \\$aBATCH-UPD$b00$c20230402$lBLL01$h2229
=FIN  \\$aY$d20230402
=SRC  \\$aCoherent Digital WHO$bWHOrecords20230329.lex
=LAS  \\$aBATCH-UPD$b00$c20230402$lBLL01$h2229

