=LDR  01442nam a22003613i 4500
=001  021013299
=003  Uk
=005  20230402222605.0
=006  m\\\\||\\d\|\\\\\\
=007  cr\|||||||||||
=008  230321s2022\\\\sz\|||||o\\\\||||\||eng\\
=FMT  \\$a  BK
=040  \\$aVaAlCD$beng$cVaAlCD$dUk
=245  00$aCatastrophic health expenditure in sub-Saharan Africa: systematic review and meta-analysis /$cPaul Eze, Lucky Osaheni Lawani, Ujunwa Justina Agu, Yubraj Acharya.
=264  \1$a[Switzerland] :$bWorld Health Organization,$c2022.
=300  \\$a1 online resource.
=336  \\$atext$2rdacontent
=337  \\$acomputer$2rdamedia
=338  \\$aonline resource$2rdacarrier
=653  \\$asystematic reviews
=700  1\$aEze, Paul.
=700  1\$aLawani, Lucky Osaheni.
=700  1\$aAgu, Ujunwa Justina.
=700  1\$aAcharya, Yubraj.
=710  2\$aWorld Health Organization.
=856  4\$uhttps://policycommons.net/artifacts/2392938/catastrophic-health-expenditure-in-sub-saharan-africa/3414444/$yWorld Health Organization document$ahttps://policycommons.net/
=859  \\$aORR$bWorld Health Organization
=884  \\$aLDL ebooks tsv to marcxml transformation using XSLTtest.xsl$g20230321$qUk
=CAT  \\$aBATCH-IGO$b00$c20230402$lBLL01$h2226
=CAT  \\$aBATCH-UPD$b00$c20230402$lBLL01$h2229
=FIN  \\$aY$d20230402
=SRC  \\$aCoherent Digital WHO$bWHOrecords20230329.lex
=LAS  \\$aBATCH-UPD$b00$c20230402$lBLL01$h2229

