=LDR  02022nam a22004213i 4500
=001  021013303
=003  Uk
=005  20230402222605.0
=006  m\\\\||\\d\|\\\\\\
=007  cr\|||||||||||
=008  230321s2022\\\\sz\|||||o\\\\||||\||eng\\
=FMT  \\$a  BK
=040  \\$aVaAlCD$beng$cVaAlCD$dUk
=245  00$a35th meeting of the European Regional Certification Commission for Poliomyelitis Eradication: 6-7 September 2021: virtual meeting hosted in Copenhagen, Denmark /$cWorld Health Organization. Regional Office for Europe.
=264  \1$a[Switzerland] :$bWorld Health Organization,$c2022.
=300  \\$a1 online resource.
=336  \\$atext$2rdacontent
=337  \\$acomputer$2rdamedia
=338  \\$aonline resource$2rdacarrier
=520  3\$aThe 35th meeting of the European Regional Certification Commission for Poliomyelitis Eradication (‎RCC)‎, held virtually on 6−7 September 2021, reviewed annual updates submitted by the Member States of the WHO European Region on the status of the national polio eradication programmes in 2020.
=653  \\$aImmunization
=653  \\$aPoliomyelitis
=653  \\$acopenhagen
=653  \\$aimmunization
=653  \\$apoliomyelitis
=653  \\$apoliovirus vaccine, inactivated
=653  \\$apoliovirus vaccine, oral
=653  \\$apoliovirus vaccines
=710  2\$aWorld Health Organization.
=720  \\$aWorld Health Organization. Regional Office for Europe
=856  4\$uhttps://policycommons.net/artifacts/2392904/35th-meeting-of-the-european-regional-certification-commission-for-poliomyelitis-eradication/3414340/$yWorld Health Organization document$ahttps://policycommons.net/
=859  \\$aORR$bWorld Health Organization
=884  \\$aLDL ebooks tsv to marcxml transformation using XSLTtest.xsl$g20230321$qUk
=CAT  \\$aBATCH-IGO$b00$c20230402$lBLL01$h2226
=CAT  \\$aBATCH-UPD$b00$c20230402$lBLL01$h2229
=FIN  \\$aY$d20230402
=SRC  \\$aCoherent Digital WHO$bWHOrecords20230329.lex
=LAS  \\$aBATCH-UPD$b00$c20230402$lBLL01$h2229

