=LDR  03954nam a22005533i 4500
=001  021013306
=003  Uk
=005  20230402222605.0
=006  m\\\\||\\d\|\\\\\\
=007  cr\|||||||||||
=008  230321s2022\\\\sz\|||||o\\\\||||\||fre\\
=FMT  \\$a  BK
=040  \\$aVaAlCD$beng$cVaAlCD$dUk
=041  \\$afre
=245  00$aAu-delà des consultations et des enquêtes : renforcer la gouvernance participative dans les systèmes de santé /$cDheepa Rajan, Eva Brocard, Charlotte Poulussen, Kira Koch, Naomi Limaro Nathan, Katja Rohrer-Herold, Pascal Melihan-Chenin, l'Observatoire européen des systèmes et politiques de santé.
=264  \1$a[Switzerland] :$bWorld Health Organization,$c2022.
=300  \\$a1 online resource.
=336  \\$atext$2rdacontent
=337  \\$acomputer$2rdamedia
=338  \\$aonline resource$2rdacarrier
=520  3\$aEn fin de compte, un intérêt évident dans le système de santé une partie concernée dans un processus l'objectif est de trouver un juste équilibre (professionnels de santé, secteur privé, de consultation sur une politique relative entre les participants et d'éviter la associations de patients, etc.) ainsi que sa aux maladies chroniques, mais il aurait domination des points de vue d'un type de faisa [...] Poussées par le nombre croissant de victimes, début de la pandémie de COVID-19 a été le manque de traitements disponibles, la stigmatisation et la lenteur de l'adoption caractérisé par un mode de gouvernance de mesures politiques gouvernementales adéquates, les OSC ont joué un rôle de pour le moins non inclusif. [...] La réforme a conduit à un système national de la première saisine de la CNS par le déclaration obligatoire de tous les nouveaux cas de séropositivité par le personnel ministère de la santé sur les effets de la professionnel de santé. [...] Le mandat la population, affirmant ainsi la nécessité des Solidarités et de la Santé (MSS) qui consiste à organiser et à stimuler les d'atteindre tous les types de publics de soutient notamment les opérations débats publics sur les questions de santé manière systématisée pour garantir une quotidiennes de la CNS et la diffusion des permet à la CNS française d'atteindre le élaboration participative [...] Le globale de la démocratie en santé doit douzième assemblée mondiale de la santé à Genève.
=520  3\$a  processus de sélection des membres de inévitablement inclure une multitude 2019. Disponible sur :  d'espaces participatifs - tels que des wha72.html la société civile a été remis en question à cause de la (pré)dominance des pouvoirs audiences publiques, des jurys de citoyens.
=653  \\$aFrance
=653  \\$aHealth Policy
=653  \\$aPortugal
=653  \\$aPublic Health
=653  \\$acopenhague
=653  \\$afrance
=653  \\$ahealth policy
=653  \\$ahealth systems plans
=653  \\$aportugal
=653  \\$apublic health
=700  1\$aRajan, Dheepa.
=700  1\$aBrocard, Eva.
=700  1\$aPoulussen, Charlotte.
=700  1\$aKoch, Kira.
=700  1\$aNathan, Naomi Limaro.
=700  1\$aRohrer-Herold, Katja.
=700  1\$aMelihan-Chenin, Pascal.
=710  2\$aWorld Health Organization.
=720  \\$al'Observatoire européen des systèmes et politiques de santé
=856  4\$uhttps://policycommons.net/artifacts/2198971/au-dela-des-consultations-et-des-enquetes/2955331/$yWorld Health Organization document$ahttps://policycommons.net/
=859  \\$aORR$bWorld Health Organization
=884  \\$aLDL ebooks tsv to marcxml transformation using XSLTtest.xsl$g20230321$qUk
=CAT  \\$aBATCH-IGO$b00$c20230402$lBLL01$h2226
=CAT  \\$aBATCH-UPD$b00$c20230402$lBLL01$h2229
=FIN  \\$aY$d20230402
=SRC  \\$aCoherent Digital WHO$bWHOrecords20230329.lex
=LAS  \\$aBATCH-UPD$b00$c20230402$lBLL01$h2229

