=LDR  04378nam a22005293i 4500
=001  021013307
=003  Uk
=005  20230402222605.0
=006  m\\\\||\\d\|\\\\\\
=007  cr\|||||||||||
=008  230321s2022\\\\sz\|||||o\\\\||||\||fre\\
=FMT  \\$a  BK
=040  \\$aVaAlCD$beng$cVaAlCD$dUk
=041  \\$afre
=245  03$aLe rôle des ressources humaines dans le domaine de la santé pendant l'épidémie de COVID-19 : Créer une capacité de mobilisatation et redéfinir le panel de compétences /$cGemma A. Williams, Claudia B. Maier, Giada Scarpetti, Julie Galodé, Marie-Camille Lenormand, Katarzyna Ptak-Bufken, Isabel De La Mata, Cris Scotter, Tomas Zapata, l'Observatoire européen des systèmes et politiques de santé.
=264  \1$a[Switzerland] :$bWorld Health Organization,$c2022.
=300  \\$a1 online resource.
=336  \\$atext$2rdacontent
=337  \\$acomputer$2rdamedia
=338  \\$aonline resource$2rdacarrier
=520  3\$aEn promulguée permettant aux pharmaciens d'assumer de nouvelles tâches, parallèle, au début de la pandémie, des notamment la distribution et la facturation des masques, la distribution d'oxymètres patients en France, en Italie et aux Pays- de pouls, des médicaments pour avortement médicamenteux et de certains Bas ont été transférés en Autriche, en médicaments sous condition que les patients dispos [...] Les pharmacies volontaires sont également autorisées à logiciel dont l'objectif est d'aider les pays à préparer des vaccins contre la COVID-19 et à les délivrer en seringues individuelles appréhender les besoins en ce qui concerne aux professionnels de la santé qui sont habilités à prescrire et à vacciner, soit les l'augmentation du nombre de personnel de médecins, les sages-femmes, les infirmiers [...] Les principaux objectifs de ladite visite de l'infirmier à domicile souvent impliqué que les médecins, les sont : expliquer et rappeler les consignes d'isolement ainsi que les mesures de infirmières et d'autres professionnels protection et de sécurité, identifier les situations de vulnérabilité et les éventuels de santé spécialisés dans différentes besoins tels que les tâches administratives, l'ai [...] COVID » a été développé avec plusieurs Source:  8 parcours différents selon les statuts des personnels de santé par la DGOS (Ministère français des Solidarités et de la Santé) et la Conférence des doyens Une forte collaboration européenne de récupérer et de se réorganiser (pour des facultés de médecine, la Fédération peut aider les États membres à en savoir plus sur cette question, voir Nationale [...] Ces dernières englobent les pénuries de professionnels de santé ce domaine, avec un financement mis à des mesures visant à développer et à et des services sociaux ainsi que les disposition dans le cadre de l'instrument maintenir les capacités de l'effectif déséquilibres existants dans l'étendue d'aide d'urgence soutenant la formation existant, à intégrer de nouveaux salariés de compétences.
=653  \\$aCOVID-19
=653  \\$aHealth Services
=653  \\$acopenhague
=653  \\$acovid-19
=653  \\$aeuropean union
=653  \\$ahealth services
=653  \\$ahealth workforce
=700  1\$aWilliams, Gemma A.
=700  1\$aMaier, Claudia B.
=700  1\$aScarpetti, Giada.
=700  1\$aGalodé, Julie.
=700  1\$aLenormand, Marie-Camille.
=700  1\$aPtak-Bufken, Katarzyna.
=700  1\$aDe La Mata, Isabel.
=700  1\$aScotter, Cris.
=700  1\$aZapata, Tomas.
=710  2\$aWorld Health Organization.
=720  \\$al'Observatoire européen des systèmes et politiques de santé
=856  4\$uhttps://policycommons.net/artifacts/2198961/le-role-des-ressources-humaines-dans-le-domaine-de-la-sante-pendant-lepidemie-de-covid-19/2955325/$yWorld Health Organization document$ahttps://policycommons.net/
=859  \\$aORR$bWorld Health Organization
=884  \\$aLDL ebooks tsv to marcxml transformation using XSLTtest.xsl$g20230321$qUk
=CAT  \\$aBATCH-IGO$b00$c20230402$lBLL01$h2226
=CAT  \\$aBATCH-UPD$b00$c20230402$lBLL01$h2229
=FIN  \\$aY$d20230402
=SRC  \\$aCoherent Digital WHO$bWHOrecords20230329.lex
=LAS  \\$aBATCH-UPD$b00$c20230402$lBLL01$h2229

