=LDR  01992nam a22003973i 4500
=001  021013308
=003  Uk
=005  20230402222605.0
=006  m\\\\||\\d\|\\\\\\
=007  cr\|||||||||||
=008  230321s2022\\\\sz\|||||o\\\\||||\||fre\\
=FMT  \\$a  BK
=040  \\$aVaAlCD$beng$cVaAlCD$dUk
=041  \\$afre
=245  00$aFeuille de route du SAGE de l'OMS pour l'établissement des priorités concernant l'utilisation des vaccins anti-COVID-19 : approche visant à optimiser l'impact mondial des vaccins anti-COVID-19, sur la base des objectifs de la santé publique, de l'équité au niveau mondial et national, ainsi que des scénarios d'accessibilité des vaccins et de couverture vaccinale, première publication : 20 octobre 2020, mise à jour : 13 novembre 2020, mise à jour : 16 juillet 2021, dernière mise à jour : 21 janvier 2022 /$cOrganisation mondiale de la Santé.
=264  \1$a[Switzerland] :$bWorld Health Organization,$c2022.
=300  \\$a1 online resource.
=336  \\$atext$2rdacontent
=337  \\$acomputer$2rdamedia
=338  \\$aonline resource$2rdacarrier
=653  \\$aCOVID-19
=653  \\$abetacoronavirus
=653  \\$acovid-19
=653  \\$acovid-19 vaccines
=653  \\$adisease outbreaks
=653  \\$agenève
=710  2\$aWorld Health Organization.
=720  \\$aOrganisation mondiale de la Santé
=856  4\$uhttps://policycommons.net/artifacts/2238748/feuille-de-route-du-sage-de-loms-pour-letablissement-des-priorites-concernant-lutilisation-des-vaccins-anti-covid-19/2996800/$yWorld Health Organization document$ahttps://policycommons.net/
=859  \\$aORR$bWorld Health Organization
=884  \\$aLDL ebooks tsv to marcxml transformation using XSLTtest.xsl$g20230321$qUk
=CAT  \\$aBATCH-IGO$b00$c20230402$lBLL01$h2226
=CAT  \\$aBATCH-UPD$b00$c20230402$lBLL01$h2229
=FIN  \\$aY$d20230402
=SRC  \\$aCoherent Digital WHO$bWHOrecords20230329.lex
=LAS  \\$aBATCH-UPD$b00$c20230402$lBLL01$h2229

