=LDR  01833nam a22004693i 4500
=001  021013311
=003  Uk
=005  20230402222605.0
=006  m\\\\||\\d\|\\\\\\
=007  cr\|||||||||||
=008  230321s2022\\\\sz\|||||o\\\\||||\||chi\\
=FMT  \\$a  BK
=040  \\$aVaAlCD$beng$cVaAlCD$dUk
=041  \\$achi
=245  00$a制定国家战略，依据《关于汞的水俣公约》， 在医疗卫生领域逐步淘汰含汞温度计和血压计: 主要考虑因素和分步指南 /$c世界卫生组织.
=264  \1$a[Switzerland] :$bWorld Health Organization,$c2022.
=300  \\$a1 online resource.
=336  \\$atext$2rdacontent
=337  \\$acomputer$2rdamedia
=338  \\$aonline resource$2rdacarrier
=520  3\$avi, 14 页.
=653  \\$aadverse effects
=653  \\$aenvironmental exposure
=653  \\$ainstrumentation
=653  \\$amercury
=653  \\$amercury poisoning, nervous system
=653  \\$amonitoring, physiologic
=653  \\$anational health programs
=653  \\$asphygmomanometers
=653  \\$astandards
=653  \\$athermometers
=653  \\$a日内瓦
=710  2\$aWorld Health Organization.
=720  \\$a世界卫生组织
=856  4\$uhttps://policycommons.net/artifacts/2276728/zhi-ding-guo-jia-zhan-lue-yi-ju-guan-yu-gong-de-shui-yu-gong-yue-zai-yi-liao-wei-sheng-ling-yu-zhu-bu-tao-tai-han-gong-wen-du-ji-he-xie-ya-ji/3036689/$yWorld Health Organization document$ahttps://policycommons.net/
=859  \\$aORR$bWorld Health Organization
=884  \\$aLDL ebooks tsv to marcxml transformation using XSLTtest.xsl$g20230321$qUk
=CAT  \\$aBATCH-IGO$b00$c20230402$lBLL01$h2226
=CAT  \\$aBATCH-UPD$b00$c20230402$lBLL01$h2229
=FIN  \\$aY$d20230402
=SRC  \\$aCoherent Digital WHO$bWHOrecords20230329.lex
=LAS  \\$aBATCH-UPD$b00$c20230402$lBLL01$h2229

