=LDR  02572nam a22005533i 4500
=001  021013318
=003  Uk
=005  20230402222606.0
=006  m\\\\||\\d\|\\\\\\
=007  cr\|||||||||||
=008  230321s2022\\\\sz\|||||o\\\\||||\||snd\\
=FMT  \\$a  BK
=040  \\$aVaAlCD$beng$cVaAlCD$dUk
=041  \\$asnd
=245  00$aEastern Mediterranean Health Journal [‎2022 Vol.28, Issue 2]‎ /$cWorld Health Organization. Regional Office for the Eastern Mediterranean.
=264  \1$a[Switzerland] :$bWorld Health Organization,$c2022.
=300  \\$a1 online resource.
=336  \\$atext$2rdacontent
=337  \\$acomputer$2rdamedia
=338  \\$aonline resource$2rdacarrier
=520  3\$aEastern Mediterranean Health Journal is the official health journal published by the Eastern Mediterranean Regional Office of the World Health Organization. It is a forum for the presentation and promotion of new policies and initiatives in health services.
=520  3\$aand for the exchange of ideas concepts epidemiological data research findings and other information with special reference to the Eastern Mediterranean Region. It addresses all members of the health profession medical and other health educational institutes interested NGOs WHO Collaborating Centres and individuals within and outside the Region.
=653  \\$aCOVID-19
=653  \\$aImmunization
=653  \\$aLeprosy
=653  \\$aalcohol drinking
=653  \\$abetacoronavirus
=653  \\$acairo
=653  \\$aclinical clerkship
=653  \\$acotton fiber
=653  \\$acovid-19
=653  \\$adisease outbreaks
=653  \\$aemergency service, hospital
=653  \\$aimmunization
=653  \\$ainformation, evidence and research
=653  \\$aleprosy
=653  \\$aneglected diseases
=653  \\$apersonal protective equipment
=653  \\$apulmonary disease, chronic obstructive
=710  2\$aWorld Health Organization.
=720  \\$aWorld Health Organization. Regional Office for the Eastern Mediterranean
=856  4\$uhttps://policycommons.net/artifacts/2273891/eastern-mediterranean-health-journal-2022-vol28-issue-2/3033748/$yWorld Health Organization document$ahttps://policycommons.net/
=859  \\$aORR$bWorld Health Organization
=884  \\$aLDL ebooks tsv to marcxml transformation using XSLTtest.xsl$g20230321$qUk
=CAT  \\$aBATCH-IGO$b00$c20230402$lBLL01$h2226
=CAT  \\$aBATCH-UPD$b00$c20230402$lBLL01$h2229
=FIN  \\$aY$d20230402
=SRC  \\$aCoherent Digital WHO$bWHOrecords20230329.lex
=LAS  \\$aBATCH-UPD$b00$c20230402$lBLL01$h2229

