=LDR  03705nam a22003973i 4500
=001  021013327
=003  Uk
=005  20230402222606.0
=006  m\\\\||\\d\|\\\\\\
=007  cr\|||||||||||
=008  230321s2022\\\\sz\|||||o\\\\||||\||eng\\
=FMT  \\$a  BK
=040  \\$aVaAlCD$beng$cVaAlCD$dUk
=245  00$aHandbuch zur Berechnung der Krankheitslast durch Luftverschmutzung in AirQ /$cWeltgesundheitsorganisation. Regionalbüro für Europa.
=264  \1$a[Switzerland] :$bWorld Health Organization,$c2022.
=300  \\$a1 online resource.
=336  \\$atext$2rdacontent
=337  \\$acomputer$2rdamedia
=338  \\$aonline resource$2rdacarrier
=520  3\$aAirQ+ ist ein anwenderfreundliches Softwaretool für die Quantifizierung der Krankheitslast und der gesundheitlichen Folgen verursacht durch Luftverschmutzung, das vom WHO-Regionalbüro für Europa entwickelt wurde. AirQ+ beinhaltet Methoden zur Abschätzung der gesundheitlichen Auswirkungen der Langzeit- und Kurzzeitexposition gegenüber der Verschmutzung der Außenluft. Die Methoden verwenden Angaben aus epidemiologischen Kohortenstudien, die eine Beziehung zwischen durchschnittlichen langfristigen Belastungen gegenüber Luftschadstoffen und Mortalitätsrisiken zeigen. Die Abschätzung der gesundheitlichen Folgen von Luftschadstoffen wird bei der Bewertung der Folgen von Handlungskonzepten und Interventionen oder von hypothetischen Szenarien empfohlen. AirQ+ sollte immer mit Unterstützung einer Epidemiologin oder eines Epidemiologen oder einer Expertin oder eines Experten für die Abschätzung der Folgen durch Luftverschmutzung verwendet werden. Um den Anwenderinnen und Anwendern ihre Analysen zu erleichtern, sind in AirQ+ Handbücher integriert, die eine gewisse Fachkompetenz voraussetzen. Dieses Handbuch zeigt die Durchführung einer Abschätzung der Krankheitslast durch Außenluftverschmutzung für Feinstaub mit einem Durchmesser von 2,5 µm oder weniger (‎PM2,5)‎. Dies wird berechnet, indem die Schätzungen der Exposition gegenüber der Luftverschmutzung und ihre Verteilung in der Bevölkerung mit Ergebnissen aus epidemiologischen Studien, die die zusätzliche Krankheitslast aus verschiedenen Niveaus der Exposition gegenüber Luftverschmutzung für spezifische Todesursachen angeben, kombiniert werden. Diese Berechnung ist insbesondere hilfreich für globale Vergleiche. Für Orte mit hohen Konzentrationsniveaus von PM2,5 in der Außenluft wird empfohlen, die integrierten Expositions-Wirkungs-Funktionen (‎die für die Studie zur globalen Krankheitslast verwendet wurden)‎ zu verwenden, die ursachenspezifische Mortalität für fünf Todesursachen abdecken: akute Infekte der unteren Atemwege, chronisch obstruktive Lungenerkrankungen, Lungenkrebs, ischämische Herzerkrankungen und Schlaganfall.
=653  \\$aAir Pollutants
=653  \\$aAir Pollution
=653  \\$aair pollutants
=653  \\$aair pollution
=653  \\$acost of illness
=653  \\$akopenhagen
=710  2\$aWorld Health Organization.
=720  \\$aWeltgesundheitsorganisation. Regionalbüro für Europa
=856  4\$uhttps://policycommons.net/artifacts/2294683/handbuch-zur-berechnung-der-krankheitslast-durch-luftverschmutzung-in-airq/3054973/$yWorld Health Organization document$ahttps://policycommons.net/
=859  \\$aORR$bWorld Health Organization
=884  \\$aLDL ebooks tsv to marcxml transformation using XSLTtest.xsl$g20230321$qUk
=CAT  \\$aBATCH-IGO$b00$c20230402$lBLL01$h2226
=CAT  \\$aBATCH-UPD$b00$c20230402$lBLL01$h2230
=FIN  \\$aY$d20230402
=SRC  \\$aCoherent Digital WHO$bWHOrecords20230329.lex
=LAS  \\$aBATCH-UPD$b00$c20230402$lBLL01$h2230

