=LDR  01819nam a22003973i 4500
=001  021013329
=003  Uk
=005  20230402222606.0
=006  m\\\\||\\d\|\\\\\\
=007  cr\|||||||||||
=008  230321s2022\\\\sz\|||||o\\\\||||\||eng\\
=FMT  \\$a  BK
=040  \\$aVaAlCD$beng$cVaAlCD$dUk
=245  00$aAddress by Dr Ahmed Al-Mandhari Regional Director WHO Eastern Mediterranean Region to the high-level meeting on interim priorities for the health sector in Afghanistan, Doha, Qatar, 29-31 March 2022 /$cWorld Health Organization. Regional Office for the Eastern Mediterranean.
=264  \1$a[Switzerland] :$bWorld Health Organization,$c2022.
=300  \\$a1 online resource.
=336  \\$atext$2rdacontent
=337  \\$acomputer$2rdamedia
=338  \\$aonline resource$2rdacarrier
=653  \\$aAfghanistan
=653  \\$aafghanistan
=653  \\$acairo
=653  \\$adelivery of health care
=653  \\$ahealth systems
=653  \\$arelief work
=653  \\$astandards
=710  2\$aWorld Health Organization.
=720  \\$aWorld Health Organization. Regional Office for the Eastern Mediterranean
=856  4\$uhttps://policycommons.net/artifacts/2294668/address-by-dr-ahmed-al-mandhari-regional-director-who-eastern-mediterranean-region-to-the-high-level-meeting-on-interim-priorities-for-the-health-sector-in-afghanistan-doha-qatar-29-31-march-2022/3054954/$yWorld Health Organization document$ahttps://policycommons.net/
=859  \\$aORR$bWorld Health Organization
=884  \\$aLDL ebooks tsv to marcxml transformation using XSLTtest.xsl$g20230321$qUk
=CAT  \\$aBATCH-IGO$b00$c20230402$lBLL01$h2226
=CAT  \\$aBATCH-UPD$b00$c20230402$lBLL01$h2230
=FIN  \\$aY$d20230402
=SRC  \\$aCoherent Digital WHO$bWHOrecords20230329.lex
=LAS  \\$aBATCH-UPD$b00$c20230402$lBLL01$h2230

