=LDR  02888nam a22004213i 4500
=001  021013331
=003  Uk
=005  20230402222606.0
=006  m\\\\||\\d\|\\\\\\
=007  cr\|||||||||||
=008  230321s2022\\\\sz\|||||o\\\\||||\||eng\\
=FMT  \\$a  BK
=040  \\$aVaAlCD$beng$cVaAlCD$dUk
=245  00$aWHO regional consultation on strengthening integrated long-term care provision. Meeting report: virtual meeting hosted by the WHO Regional Office for Europe, 7 December 2021 /$cWorld Health Organization. Regional Office for Europe.
=264  \1$a[Switzerland] :$bWorld Health Organization,$c2022.
=300  \\$a1 online resource.
=336  \\$atext$2rdacontent
=337  \\$acomputer$2rdamedia
=338  \\$aonline resource$2rdacarrier
=520  3\$aA high degree of variability characterizes the organization, delivery and financing of long-term care in the WHO European Region. Despite this diversity, a common set of challenges, rendered more acute by the devastating effects of the COVID-19 pandemic, increasingly are emerging as key priorities for health and social policy agendas. In response to requests from Member States and in line with the recommendations of the Pan-European Commission on Health and Sustainable Development, the WHO Regional Office for Europe is committed to supporting countries in the Region to turn these common challenges into opportunities for accelerating progress on integrated provision of care services. To ensure Member States are supported adequately in their efforts to strengthen and develop integrated long-term care provision, the WHO Regional Office for Europe convened a regional consultation on strengthening integrated long-term care provision to present WHO tools and resources to Member States, identify priority areas for action at national level and establish where technical support can be provided. This report sets out a summary of presentations at the regional consultation.
=653  \\$aEurope
=653  \\$aHealth Services
=653  \\$aPrimary Health Care
=653  \\$acopenhagen
=653  \\$aeurope
=653  \\$ahealth services
=653  \\$along-term care
=653  \\$aprimary health care
=710  2\$aWorld Health Organization.
=720  \\$aWorld Health Organization. Regional Office for Europe
=856  4\$uhttps://policycommons.net/artifacts/2294701/who-regional-consultation-on-strengthening-integrated-long-term-care-provision-meeting-report/3054980/$yWorld Health Organization document$ahttps://policycommons.net/
=859  \\$aORR$bWorld Health Organization
=884  \\$aLDL ebooks tsv to marcxml transformation using XSLTtest.xsl$g20230321$qUk
=CAT  \\$aBATCH-IGO$b00$c20230402$lBLL01$h2226
=CAT  \\$aBATCH-UPD$b00$c20230402$lBLL01$h2230
=FIN  \\$aY$d20230402
=SRC  \\$aCoherent Digital WHO$bWHOrecords20230329.lex
=LAS  \\$aBATCH-UPD$b00$c20230402$lBLL01$h2230

