=LDR  02719nam a22004333i 4500
=001  021013332
=003  Uk
=005  20230402222606.0
=006  m\\\\||\\d\|\\\\\\
=007  cr\|||||||||||
=008  230321s2022\\\\sz\|||||o\\\\||||\||eng\\
=FMT  \\$a  BK
=040  \\$aVaAlCD$beng$cVaAlCD$dUk
=245  00$aGood practices in managing infectious diseases in prison settings: a snapshot of responses to COVID-19 implemented around the globe between May and September 2020 /$cWorld Health Organization. Regional Office for Europe.
=264  \1$a[Switzerland] :$bWorld Health Organization,$c2022.
=300  \\$a1 online resource.
=336  \\$atext$2rdacontent
=337  \\$acomputer$2rdamedia
=338  \\$aonline resource$2rdacarrier
=520  3\$aThis report captures various health-related policies and practices that were implemented inside prisons and other places of detention during the COVID-19 pandemic. It is intended as a resource for policy-makers, prison managers and health-in-prisons practitioners, highlighting the preparedness, responsiveness, risk assessment, risk mitigation and case management of COVID-19 inside prisons. The report presents good practices from countries and regions, selected according to specific criteria, in enhancement of health-care practices in prisons. It is structurally based on, and thematically complementary to, Preparedness, prevention and control of COVID-19 in prisons and other places of detention: interim guidance, developed by the WHO Regional Office for Europe and issued in March 2020 (‎revised February 2021)‎. The robust methodology used to capture good practices and their selection within a fixed submission window within 2020 mean that some developments in response measures in prisons could not be covered in this report.
=653  \\$aCOVID-19
=653  \\$aHealth Policy
=653  \\$aHealth Services
=653  \\$aPrisons
=653  \\$acopenhagen
=653  \\$acovid-19
=653  \\$ahealth policy
=653  \\$ahealth services
=653  \\$aprisons
=710  2\$aWorld Health Organization.
=720  \\$aWorld Health Organization. Regional Office for Europe
=856  4\$uhttps://policycommons.net/artifacts/2294706/good-practices-in-managing-infectious-diseases-in-prison-settings/3054989/$yWorld Health Organization document$ahttps://policycommons.net/
=859  \\$aORR$bWorld Health Organization
=884  \\$aLDL ebooks tsv to marcxml transformation using XSLTtest.xsl$g20230321$qUk
=CAT  \\$aBATCH-IGO$b00$c20230402$lBLL01$h2226
=CAT  \\$aBATCH-UPD$b00$c20230402$lBLL01$h2230
=FIN  \\$aY$d20230402
=SRC  \\$aCoherent Digital WHO$bWHOrecords20230329.lex
=LAS  \\$aBATCH-UPD$b00$c20230402$lBLL01$h2230

