=LDR  01726nam a22004693i 4500
=001  021013333
=003  Uk
=005  20230402222606.0
=006  m\\\\||\\d\|\\\\\\
=007  cr\|||||||||||
=008  230321s2022\\\\sz\|||||o\\\\||||\||eng\\
=FMT  \\$a  BK
=040  \\$aVaAlCD$beng$cVaAlCD$dUk
=245  00$aGlobal genomic surveillance strategy for pathogens with pandemic and epidemic potential, 2022-2032 /$cWorld Health Organization.
=264  \1$a[Switzerland] :$bWorld Health Organization,$c2022.
=300  \\$a1 online resource.
=336  \\$atext$2rdacontent
=337  \\$acomputer$2rdamedia
=338  \\$aonline resource$2rdacarrier
=653  \\$aEpidemics
=653  \\$aEpidemiology
=653  \\$aGenetics
=653  \\$aLaboratories
=653  \\$adisease transmission, infectious
=653  \\$aepidemics
=653  \\$aepidemiology
=653  \\$ageneva
=653  \\$agenome, viral
=653  \\$agenomics
=653  \\$alaboratories
=653  \\$aprevention and control
=653  \\$apublic health surveillance
=710  2\$aWorld Health Organization.
=720  \\$aWorld Health Organization
=856  4\$uhttps://policycommons.net/artifacts/2294690/global-genomic-surveillance-strategy-for-pathogens-with-pandemic-and-epidemic-potential-2022-2032/3054985/$yWorld Health Organization document$ahttps://policycommons.net/
=859  \\$aORR$bWorld Health Organization
=884  \\$aLDL ebooks tsv to marcxml transformation using XSLTtest.xsl$g20230321$qUk
=CAT  \\$aBATCH-IGO$b00$c20230402$lBLL01$h2226
=CAT  \\$aBATCH-UPD$b00$c20230402$lBLL01$h2230
=FIN  \\$aY$d20230402
=SRC  \\$aCoherent Digital WHO$bWHOrecords20230329.lex
=LAS  \\$aBATCH-UPD$b00$c20230402$lBLL01$h2230

