=LDR  01492nam a22003493i 4500
=001  021013342
=003  Uk
=005  20230402222606.0
=006  m\\\\||\\d\|\\\\\\
=007  cr\|||||||||||
=008  230321s2022\\\\sz\|||||o\\\\||||\||eng\\
=FMT  \\$a  BK
=040  \\$aVaAlCD$beng$cVaAlCD$dUk
=245  00$aDecision-making and procedural issues at the virtual special session of the WHO Regional Committee for Europe: a practical guide /$cspecial session Regional Committee for Europe.
=264  \1$a[Switzerland] :$bWorld Health Organization,$c2022.
=300  \\$a1 online resource.
=336  \\$atext$2rdacontent
=337  \\$acomputer$2rdamedia
=338  \\$aonline resource$2rdacarrier
=653  \\$acopenhagen
=653  \\$adecision making
=653  \\$aguideline
=710  2\$aWorld Health Organization.
=720  \\$aRegional Committee for Europe, special session
=856  4\$uhttps://policycommons.net/artifacts/2393623/decision-making-and-procedural-issues-at-the-virtual-special-session-of-the-who-regional-committee-for-europe/3415151/$yWorld Health Organization document$ahttps://policycommons.net/
=859  \\$aORR$bWorld Health Organization
=884  \\$aLDL ebooks tsv to marcxml transformation using XSLTtest.xsl$g20230321$qUk
=CAT  \\$aBATCH-IGO$b00$c20230402$lBLL01$h2226
=CAT  \\$aBATCH-UPD$b00$c20230402$lBLL01$h2230
=FIN  \\$aY$d20230402
=SRC  \\$aCoherent Digital WHO$bWHOrecords20230329.lex
=LAS  \\$aBATCH-UPD$b00$c20230402$lBLL01$h2230

