=LDR  04091nam a22004813i 4500
=001  021013351
=003  Uk
=005  20230402222606.0
=006  m\\\\||\\d\|\\\\\\
=007  cr\|||||||||||
=008  230321s2022\\\\sz\|||||o\\\\||||\||fre\\
=FMT  \\$a  BK
=040  \\$aVaAlCD$beng$cVaAlCD$dUk
=041  \\$afre
=245  00$aAvons-nous tiré les bonnes leçons ? Les capacités de soins critiques pendant la pandémie de COVID-19 en Europe /$cJuliane Winkelmann, Dimitra Panteli, Elke Berger, Reinhard Busse, l'Observatoire européen des systèmes et des politiques de santé.
=264  \1$a[Switzerland] :$bWorld Health Organization,$c2022.
=300  \\$a1 online resource.
=336  \\$atext$2rdacontent
=337  \\$acomputer$2rdamedia
=338  \\$aonline resource$2rdacarrier
=520  3\$aMots-clés : capacité de soins critiques, lits de soins critiques, hôpitaux, infrastructure physique, COVID-19 Juliane Winkelmann est chargée de  recherche.
=520  3\$a Elke Berger est chargée  Introduction de disponibilité de professionnels de de recherche au département  de gestion des soins de santé,  Les hôpitaux et les unités de soins santé spécialisés capables de maintenir l'Université technique de Berli [...] Dans la région d'autres pays de l'UE, a également réussi cours de la première vague de COVID-19 italienne de Lombardie, les lits des unités à doubler son nombre de lits de soins et met en évidence toute possibilité de soins critiques dans les hôpitaux privés critiques équipés de respirateurs, ce qui lui d'amélioration concernant le renforcement représentaient environ 30 % de la capacité a permis d [...] Cette opération à l'augmentation rapide du nombre de a été coordonnée par l'armée grâce à La stratégie la plus courante pour patients nécessitant des soins critiques, des ambulances, des unités mobiles libérer un nombre important de lits et il est important de prendre en compte la de soins critiques, un bus spécial pour de personnel dans les services de soins capacité initiale de lits de soins cri [...] De cette manière, les l'épidémie, la capacité en lits de soins transféré 55 patients en soins critiques en hôpitaux ont pu réaffecter les lits de soins critiques variait considérablement Allemagne (Illustration 1) et ont inclus critiques, qui accueillent habituellement d'un pays à l'autre, allant de 4 à 5 lits l'utilisation de lits de soins critiques en les patients post-opératoires des pour 100 0 [...] Par exemple, la Bulgarie juin 2020, aux Pays-Bas, le Centre national lits de soins critiques dédiés aux patients et la Belgique ont élaboré des plans selon de coordination pour la distribution des atteints de COVID-19 a augmenté lesquels les zones les moins touchées patients a pris en charge la répartition en fonction du nombre de patients devaient réserver moins de lits de soins des patients atte.
=653  \\$aCOVID-19
=653  \\$aHospitals
=653  \\$acopenhague
=653  \\$acovid-19
=653  \\$ahospitals
=653  \\$ahospital units
=653  \\$aintensive care units
=700  1\$aWinkelmann, Juliane.
=700  1\$aPanteli, Dimitra.
=700  1\$aBerger, Elke.
=700  1\$aBusse, Reinhard.
=710  2\$aWorld Health Organization.
=720  \\$al'Observatoire européen des systèmes et des politiques de santé
=856  4\$uhttps://policycommons.net/artifacts/2198956/avons-nous-tire-les-bonnes-lecons-les-capacites-de-soins-critiques-pendant-la-pandemie-de-covid-19-en-europe/2955322/$yWorld Health Organization document$ahttps://policycommons.net/
=859  \\$aORR$bWorld Health Organization
=884  \\$aLDL ebooks tsv to marcxml transformation using XSLTtest.xsl$g20230321$qUk
=CAT  \\$aBATCH-IGO$b00$c20230402$lBLL01$h2226
=CAT  \\$aBATCH-UPD$b00$c20230402$lBLL01$h2230
=FIN  \\$aY$d20230402
=SRC  \\$aCoherent Digital WHO$bWHOrecords20230329.lex
=LAS  \\$aBATCH-UPD$b00$c20230402$lBLL01$h2230

