=LDR  03068nam a22003973i 4500
=001  021013352
=003  Uk
=005  20230402222606.0
=006  m\\\\||\\d\|\\\\\\
=007  cr\|||||||||||
=008  230321s2022\\\\sz\|||||o\\\\||||\||eng\\
=FMT  \\$a  BK
=040  \\$aVaAlCD$beng$cVaAlCD$dUk
=245  00$aEnesetappude ennetamine. Kogukonna kaasamise juhend /$cMaailma Terviseorganisatsioon. Euroopa Regionaalbüroo.
=264  \1$a[Switzerland] :$bWorld Health Organization,$c2022.
=300  \\$a1 online resource.
=336  \\$atext$2rdacontent
=337  \\$acomputer$2rdamedia
=338  \\$aonline resource$2rdacarrier
=520  3\$aKogukond on enesetappude ennetamisel väga oluline. Juhend on Maailma Terviseorganisatsiooni (‎WHO)‎ aruande "Enesetappude ennetamine: globaalse tähtsusega ülesanne' (‎WHO, 2014)‎ jätk ja annab ülevaate praktilistest abinõudest, kuidas kaasata kogukondi enesetappude ennetamisse. Kogukonna kaasamine on aktiivne, osaluspõhine ja alt üles protsess, mille abil saavad kogukonnad mõjutada poliitikat ja teenuste osutamist ning nende kujundamises kaasa rääkida (‎McLeroy jt, 2003)‎. Selleks saab kogukond algatada kohalikes oludes tähtsaid ja asjakohaseid ettevõtmisi. Kuigi kogukonna kaasamist tunnus¬tatakse üha enam kui uuenduslikku käsitust nii rahvastiku tervise kui ka vaimse tervise valdkonnas, puudub sellel sageli teaduslik alus ning tegevuse kujundamise ja eduka elluviimise juhis (‎Mendel jt, 2011)‎. Adekvaatselt rakendatuna võivad kogukonna kaasamise projektid olla väga tõhusad üldiste vaimse tervise küsimuste lahendamisel, eelkõige enesetappude ennetamisel. Need lähenemised on sageli üpris kulutõhusad, mistõttu pakuvad iseäranis suurt huvi madala ja keskmise sissetulekuga riikides, kus suitsidaalse käitumise häbimärgis¬tamine ja tabu piiravad juurdepääsu kvaliteetsele abile. Tegeledes sedavõrd delikaatse küsimusega, nagu enesetappude ennetamine, võib olla raske kindlaks teha, kuidas ja kust tegevust alustada. Juhend annabki praktilisi soovitusi, mida saavad kasutada kogukonnad kõikjal maailmas, olenemata nende käsutuses olevatest vahenditest ja olukorrast enesetappude ennetuses.
=653  \\$aCommunity Participation
=653  \\$aSuicide
=653  \\$acommunity health planning
=653  \\$acommunity participation
=653  \\$akopenhaagen
=653  \\$asuicide
=710  2\$aWorld Health Organization.
=720  \\$aMaailma Terviseorganisatsioon. Euroopa Regionaalbüroo
=856  4\$uhttps://policycommons.net/artifacts/2177645/enesetappude-ennetamine/2933622/$yWorld Health Organization document$ahttps://policycommons.net/
=859  \\$aORR$bWorld Health Organization
=884  \\$aLDL ebooks tsv to marcxml transformation using XSLTtest.xsl$g20230321$qUk
=CAT  \\$aBATCH-IGO$b00$c20230402$lBLL01$h2226
=CAT  \\$aBATCH-UPD$b00$c20230402$lBLL01$h2230
=FIN  \\$aY$d20230402
=SRC  \\$aCoherent Digital WHO$bWHOrecords20230329.lex
=LAS  \\$aBATCH-UPD$b00$c20230402$lBLL01$h2230

