=LDR  03581nam a22004693i 4500
=001  021013353
=003  Uk
=005  20230402222606.0
=006  m\\\\||\\d\|\\\\\\
=007  cr\|||||||||||
=008  230321s2022\\\\sz\|||||o\\\\||||\||fre\\
=FMT  \\$a  BK
=040  \\$aVaAlCD$beng$cVaAlCD$dUk
=041  \\$afre
=245  00$aVers une Union européenne de la santé : de nouveaux instruments pour des systèmes de santé plus forts et plus résilients /$cNicole Mauer, Dimitra Panteli, Dorli Kahr-Gottlieb, Isabel De La Mata, l'Observatoire européen des systèmes et des politiques de santé.
=264  \1$a[Switzerland] :$bWorld Health Organization,$c2022.
=300  \\$a1 online resource.
=336  \\$atext$2rdacontent
=337  \\$acomputer$2rdamedia
=338  \\$aonline resource$2rdacarrier
=520  3\$aEn conséquence, il envisage une proposition de plan d'action envisageant concernant un second pilier de l'Union de Union européenne de la santé qui défend une meilleure coordination des la santé, à savoir l'élargissement du mandat la solidarité nationale, européenne et mécanismes de préparation et de réaction pour l'ECDC, le 29 novembre 2021. [...] Cela inclut une planification renforcée concernant de nouveaux agents pathogènes Elle forme, entre autres, la base des de la préparation au niveau de l'UE, des et d'une task-force de l'UE dans le Accords de passation conjointe de règles pour un système de surveillance domaine de la santé pour aider les États marché en vue de l'acquisition de contre- flexible et davantage intégré au niveau de membr [...] Le Règlement des mécanismes de préparation et de de la pandémie, de nombreux plans proposé soutient des actions éligibles à un réaction au niveau de l'UE. [...] Par des réserves médicales par le biais du en œuvre un plan ambitieux de lutte exemple, la recherche dans le domaine stock de rescEU, qui fait partie intégrante contre le cancer, le Plan européen de de la santé avec un accent sur des du Mécanisme de protection civile, et lutte contre le cancer, à hauteur de 4 systèmes de santé innovants peut être garantira un accès à de telles réserves milliards d [...] La proposition des maladies, les systèmes de santé et le leur reprise économique et sociale, ainsi envisage également de créer un inventaire personnel de santé, et la santé numérique, que la numérisation et le développement concernant les installations de production avec un accent transversal sur le cancer.
=653  \\$aCOVID-19
=653  \\$aHealth Services
=653  \\$acopenhague
=653  \\$acovid-19
=653  \\$aeuropean union
=653  \\$ahealth services
=653  \\$ahealth systems plans
=700  1\$aMauer, Nicole.
=700  1\$aPanteli, Dimitra.
=700  1\$aKahr-Gottlieb, Dorli.
=700  1\$aDe La Mata, Isabel.
=710  2\$aWorld Health Organization.
=720  \\$al'Observatoire européen des systèmes et des politiques de santé
=856  4\$uhttps://policycommons.net/artifacts/2198973/vers-une-union-europeenne-de-la-sante/2955333/$yWorld Health Organization document$ahttps://policycommons.net/
=859  \\$aORR$bWorld Health Organization
=884  \\$aLDL ebooks tsv to marcxml transformation using XSLTtest.xsl$g20230321$qUk
=CAT  \\$aBATCH-IGO$b00$c20230402$lBLL01$h2226
=CAT  \\$aBATCH-UPD$b00$c20230402$lBLL01$h2230
=FIN  \\$aY$d20230402
=SRC  \\$aCoherent Digital WHO$bWHOrecords20230329.lex
=LAS  \\$aBATCH-UPD$b00$c20230402$lBLL01$h2230

