=LDR  01641nam a22003973i 4500
=001  021013354
=003  Uk
=005  20230402222606.0
=006  m\\\\||\\d\|\\\\\\
=007  cr\|||||||||||
=008  230321s2022\\\\sz\|||||o\\\\||||\||eng\\
=FMT  \\$a  BK
=040  \\$aVaAlCD$beng$cVaAlCD$dUk
=245  00$aSeventeenth meeting of the United Nations Inter-Agency Task Force on the prevention and control of non-communicable diseases, 6-8 December 2021 /$cWorld Health Organization.
=264  \1$a[Switzerland] :$bWorld Health Organization,$c2022.
=300  \\$a1 online resource.
=336  \\$atext$2rdacontent
=337  \\$acomputer$2rdamedia
=338  \\$aonline resource$2rdacarrier
=653  \\$aHealth Policy
=653  \\$ageneva
=653  \\$ahealth policy
=653  \\$ameeting abstract
=653  \\$anoncommunicable diseases
=653  \\$aprevention and control
=653  \\$aunited nations
=710  2\$aWorld Health Organization.
=720  \\$aWorld Health Organization
=856  4\$uhttps://policycommons.net/artifacts/2294707/seventeenth-meeting-of-the-united-nations-inter-agency-task-force-on-the-prevention-and-control-of-non-communicable-diseases-6-8-december-2021/3054993/$yWorld Health Organization document$ahttps://policycommons.net/
=859  \\$aORR$bWorld Health Organization
=884  \\$aLDL ebooks tsv to marcxml transformation using XSLTtest.xsl$g20230321$qUk
=CAT  \\$aBATCH-IGO$b00$c20230402$lBLL01$h2226
=CAT  \\$aBATCH-UPD$b00$c20230402$lBLL01$h2230
=FIN  \\$aY$d20230402
=SRC  \\$aCoherent Digital WHO$bWHOrecords20230329.lex
=LAS  \\$aBATCH-UPD$b00$c20230402$lBLL01$h2230

