=LDR  01523nam a22003853i 4500
=001  021013356
=003  Uk
=005  20230402222606.0
=006  m\\\\||\\d\|\\\\\\
=007  cr\|||||||||||
=008  230321s2022\\\\sz\|||||o\\\\||||\||eng\\
=FMT  \\$a  BK
=040  \\$aVaAlCD$beng$cVaAlCD$dUk
=245  00$aAntibiootikumide asjakohane kasutamine esmatasandi tervishoius: Poliitikadialoogi kokkuvõte /$cMaailma Terviseorganisatsioon. Euroopa Regionaalbüroo.
=264  \1$a[Switzerland] :$bWorld Health Organization,$c2022.
=300  \\$a1 online resource.
=336  \\$atext$2rdacontent
=337  \\$acomputer$2rdamedia
=338  \\$aonline resource$2rdacarrier
=653  \\$aEstonia
=653  \\$aPublic Health
=653  \\$adrug resistance, microbial
=653  \\$aestonia
=653  \\$akopenhaagen
=653  \\$apublic health
=710  2\$aWorld Health Organization.
=720  \\$aMaailma Terviseorganisatsioon. Euroopa Regionaalbüroo
=856  4\$uhttps://policycommons.net/artifacts/2294688/antibiootikumide-asjakohane-kasutamine-esmatasandi-tervishoius/3054968/$yWorld Health Organization document$ahttps://policycommons.net/
=859  \\$aORR$bWorld Health Organization
=884  \\$aLDL ebooks tsv to marcxml transformation using XSLTtest.xsl$g20230321$qUk
=CAT  \\$aBATCH-IGO$b00$c20230402$lBLL01$h2226
=CAT  \\$aBATCH-UPD$b00$c20230402$lBLL01$h2230
=FIN  \\$aY$d20230402
=SRC  \\$aCoherent Digital WHO$bWHOrecords20230329.lex
=LAS  \\$aBATCH-UPD$b00$c20230402$lBLL01$h2230

