=LDR  03406nam a22003973i 4500
=001  021013357
=003  Uk
=005  20230402222606.0
=006  m\\\\||\\d\|\\\\\\
=007  cr\|||||||||||
=008  230321s2022\\\\sz\|||||o\\\\||||\||eng\\
=FMT  \\$a  BK
=040  \\$aVaAlCD$beng$cVaAlCD$dUk
=245  00$aAbschätzung der Gesundheitsfolgen durch Luftverschmutzung: Handbuch zur Sterbetafelanalyse in AirQ /$cWeltgesundheitsorganisation. Regionalbüro für Europa.
=264  \1$a[Switzerland] :$bWorld Health Organization,$c2022.
=300  \\$a1 online resource.
=336  \\$atext$2rdacontent
=337  \\$acomputer$2rdamedia
=338  \\$aonline resource$2rdacarrier
=520  3\$aAirQ+ ist ein anwenderfreundliches Softwaretool für die Quantifizierung der Krankheitslast und der gesundheitlichen Folgen verursacht durch Luftverschmutzung, das vom WHO-Regionalbüro für Europa entwickelt wurde. AirQ+ beinhaltet Methoden zur Abschätzung der gesundheitlichen Auswirkungen der Langzeit- und Kurzzeitexposition gegenüber der Verschmutzung der Außenluft. Die Methoden verwenden Angaben aus epidemiologischen Kohortenstudien, die eine Beziehung zwischen durchschnittlichen langfristigen Belastungen gegenüber Luftschadstoffen und Mortalitätsrisiken zeigen. Die Abschätzung der gesundheitlichen Folgen von Luftschadstoffen wird bei der Bewertung der Folgen von Handlungskonzepten und Interventionen oder von hypothetischen Szenarien empfohlen. AirQ+ sollte immer mit Unterstützung einer Epidemiologin oder eines Epidemiologen oder einer Expertin oder eines Experten für die Abschätzung der Folgen durch Luftverschmutzung verwendet werden. Um den Anwenderinnen und Anwendern ihre Analysen zu erleichtern, sind in AirQ+ Handbücher integriert, die eine gewisse Fachkompetenz voraussetzen. AirQ+ umfasst ein Modul mit Sterbetafeln, das dazu gedacht ist, Veränderungen der gesundheitlichen Auswirkungen vorherzusagen, mit denen aufgrund der Veränderungen der Langzeitexposition gegenüber Luftverschmutzung gerechnet wird. AirQ+ ermöglicht die Schätzung der verlorenen Lebensjahre aufgrund der Mortalität aus allen Ursachen, die auf eine spezifische Exposition gegenüber Luftverschmutzung für eine gegebene Bevölkerung innerhalb eines Bereichs zurückführbar ist, durch Berechnungen für ein spezifisches Jahr und für die gesamte Beobachtungsperiode. Es berechnet außerdem die Veränderung der Lebenserwartung, die auf die Langzeitexposition gegenüber Schadstoffen in der Außenluft zurückführbar ist.
=653  \\$aAir Pollutants
=653  \\$aAir Pollution
=653  \\$aair pollutants
=653  \\$aair pollution
=653  \\$akopenhagen
=653  \\$alife tables
=710  2\$aWorld Health Organization.
=720  \\$aWeltgesundheitsorganisation. Regionalbüro für Europa
=856  4\$uhttps://policycommons.net/artifacts/2294698/abschatzung-der-gesundheitsfolgen-durch-luftverschmutzung/3054978/$yWorld Health Organization document$ahttps://policycommons.net/
=859  \\$aORR$bWorld Health Organization
=884  \\$aLDL ebooks tsv to marcxml transformation using XSLTtest.xsl$g20230321$qUk
=CAT  \\$aBATCH-IGO$b00$c20230402$lBLL01$h2226
=CAT  \\$aBATCH-UPD$b00$c20230402$lBLL01$h2230
=FIN  \\$aY$d20230402
=SRC  \\$aCoherent Digital WHO$bWHOrecords20230329.lex
=LAS  \\$aBATCH-UPD$b00$c20230402$lBLL01$h2230

