=LDR  01653nam a22004453i 4500
=001  021013361
=003  Uk
=005  20230402222606.0
=006  m\\\\||\\d\|\\\\\\
=007  cr\|||||||||||
=008  230321s2022\\\\sz\|||||o\\\\||||\||eng\\
=FMT  \\$a  BK
=040  \\$aVaAlCD$beng$cVaAlCD$dUk
=245  00$aCommerical determinants of cancer medicines /$cChristopher M. Booth, Ajay Aggarwal, Richard Sullivan, European Observatory on Health Systems and Policies.
=264  \1$a[Switzerland] :$bWorld Health Organization,$c2022.
=300  \\$a1 online resource.
=336  \\$atext$2rdacontent
=337  \\$acomputer$2rdamedia
=338  \\$aonline resource$2rdacarrier
=653  \\$aHealth Policy
=653  \\$aMedicine
=653  \\$aPublic Health
=653  \\$acancer pain
=653  \\$acopenhagen
=653  \\$ahealth policy
=653  \\$amedicine
=653  \\$apublic health
=700  1\$aM. Booth, Christopher.
=700  1\$aAggarwal, Ajay.
=700  1\$aSullivan, Richard.
=710  2\$aWorld Health Organization.
=720  \\$aEuropean Observatory on Health Systems and Policies
=856  4\$uhttps://policycommons.net/artifacts/2391503/commerical-determinants-of-cancer-medicines/3412944/$yWorld Health Organization document$ahttps://policycommons.net/
=859  \\$aORR$bWorld Health Organization
=884  \\$aLDL ebooks tsv to marcxml transformation using XSLTtest.xsl$g20230321$qUk
=CAT  \\$aBATCH-IGO$b00$c20230402$lBLL01$h2226
=CAT  \\$aBATCH-UPD$b00$c20230402$lBLL01$h2230
=FIN  \\$aY$d20230402
=SRC  \\$aCoherent Digital WHO$bWHOrecords20230329.lex
=LAS  \\$aBATCH-UPD$b00$c20230402$lBLL01$h2230

