=LDR  01873nam a22003973i 4500
=001  021013363
=003  Uk
=005  20230402222606.0
=006  m\\\\||\\d\|\\\\\\
=007  cr\|||||||||||
=008  230321s2022\\\\sz\|||||o\\\\||||\||eng\\
=FMT  \\$a  BK
=040  \\$aVaAlCD$beng$cVaAlCD$dUk
=245  00$aSummary report on the first formal meeting of the regional Network of Institutions for Evidence and Data to Policy (‎NEDtP)‎ to enhance national capacity for evidence-informed policy-making, virtual meeting 30 March 2021 /$cWorld Health Organization. Regional Office for the Eastern Mediterranean.
=264  \1$a[Switzerland] :$bWorld Health Organization,$c2022.
=300  \\$a1 online resource.
=336  \\$atext$2rdacontent
=337  \\$acomputer$2rdamedia
=338  \\$aonline resource$2rdacarrier
=653  \\$aCapacity Building
=653  \\$aHealth Policy
=653  \\$acairo
=653  \\$acapacity building
=653  \\$ahealth policy
=653  \\$ahealth systems
=653  \\$apolicy making
=710  2\$aWorld Health Organization.
=720  \\$aWorld Health Organization. Regional Office for the Eastern Mediterranean
=856  4\$uhttps://policycommons.net/artifacts/2283537/summary-report-on-the-first-formal-meeting-of-the-regional-network-of-institutions-for-evidence-and-data-to-policy-nedtp-to-enhance-national-capacity-for-evidence-informed-policy-making-virtual-meeting-30-march-2021/3043625/$yWorld Health Organization document$ahttps://policycommons.net/
=859  \\$aORR$bWorld Health Organization
=884  \\$aLDL ebooks tsv to marcxml transformation using XSLTtest.xsl$g20230321$qUk
=CAT  \\$aBATCH-IGO$b00$c20230402$lBLL01$h2226
=CAT  \\$aBATCH-UPD$b00$c20230402$lBLL01$h2230
=FIN  \\$aY$d20230402
=SRC  \\$aCoherent Digital WHO$bWHOrecords20230329.lex
=LAS  \\$aBATCH-UPD$b00$c20230402$lBLL01$h2230

