=LDR  01620nam a22004093i 4500
=001  021013367
=003  Uk
=005  20230402222606.0
=006  m\\\\||\\d\|\\\\\\
=007  cr\|||||||||||
=008  230321s2022\\\\sz\|||||o\\\\||||\||eng\\
=FMT  \\$a  BK
=040  \\$aVaAlCD$beng$cVaAlCD$dUk
=245  00$a2021 annual report of the Alliance for Health Policy and Systems Research /$cWorld Health Organization, Alliance for Health Policy and Systems Research.
=264  \1$a[Switzerland] :$bWorld Health Organization,$c2022.
=300  \\$a1 online resource.
=336  \\$atext$2rdacontent
=337  \\$acomputer$2rdamedia
=338  \\$aonline resource$2rdacarrier
=653  \\$aHealth Policy
=653  \\$aHealth Services Research
=653  \\$aannual report
=653  \\$ageneva
=653  \\$ahealth policy
=653  \\$ahealth services research
=653  \\$ahealth systems plans
=710  2\$aWorld Health Organization.
=720  \\$aWorld Health Organization
=720  \\$aAlliance for Health Policy and Systems Research
=856  4\$uhttps://policycommons.net/artifacts/2392980/2021-annual-report-of-the-alliance-for-health-policy-and-systems-research/3414510/$yWorld Health Organization document$ahttps://policycommons.net/
=859  \\$aORR$bWorld Health Organization
=884  \\$aLDL ebooks tsv to marcxml transformation using XSLTtest.xsl$g20230321$qUk
=CAT  \\$aBATCH-IGO$b00$c20230402$lBLL01$h2226
=CAT  \\$aBATCH-UPD$b00$c20230402$lBLL01$h2230
=FIN  \\$aY$d20230402
=SRC  \\$aCoherent Digital WHO$bWHOrecords20230329.lex
=LAS  \\$aBATCH-UPD$b00$c20230402$lBLL01$h2230

