=LDR  03119nam a22004333i 4500
=001  021013368
=003  Uk
=005  20230402222606.0
=006  m\\\\||\\d\|\\\\\\
=007  cr\|||||||||||
=008  230321s2022\\\\sz\|||||o\\\\||||\||ger\\
=FMT  \\$a  BK
=040  \\$aVaAlCD$beng$cVaAlCD$dUk
=041  \\$ager
=245  00$aDer Europäische Gesundheitsbericht 2021: Wesentliche Perspektiven. Bestandsaufnahme der gesundheitsbezogenen Ziele für nachhaltige Entwicklung in der COVID-19-Ära unter besonderer Berücksichtigung der Maxime, niemanden zurückzulassen /$cWeltgesundheitsorganisation. Regionalbüro für Europa.
=264  \1$a[Switzerland] :$bWorld Health Organization,$c2022.
=300  \\$a1 online resource.
=336  \\$atext$2rdacontent
=337  \\$acomputer$2rdamedia
=338  \\$aonline resource$2rdacarrier
=520  3\$aDer Europäische Gesundheitsbericht wird alle drei Jahre als eine Flaggschiff-Publikation des WHO-Regionalbüros für Europa erstellt. Der Europäische Gesundheitsbericht 2021 soll einen Einblick in die Fortschritte der Europäischen Region der WHO bei der Verwirklichung der gesundheitsbezogenen Ziele für nachhaltige Entwicklung und in die Auswirkungen der COVID-19-Pandemie auf die Gesundheit der Bevölkerung geben und so das Augenmerk auf gesundheitliche Ungleichheiten und die Frage richten, wie die Pandemie diese beeinflusst. Darüber hinaus beschreibt der Bericht, wie das Regionalbüro - durch die Umsetzung des Europäischen Arbeitsprogramms 2020-2025 (‎EPW)‎ - die Mitgliedstaaten bei der Bewältigung der großen Herausforderungen in der Region und beim Wiederaufbau zum Besseren nach der Pandemie unterstützen will. Weil starke Gesundheitsinformationssysteme eine wichtige Voraussetzung für diese Bemühungen sind, wird in dem Bericht beschrieben, wie die WHO alle Mitgliedstaaten bei der Beseitigung der wichtigsten Daten- und Informationslücken unterstützen wird, die derzeit die evidenzgeleitete Umsetzung des Europäischen Arbeitsprogramms und des globalen Dreizehnten Allgemeinen Arbeitsprogramms der WHO 2019-2023 sowie die Verwirklichung der Ziele für nachhaltige Entwicklung behindern.
=653  \\$aHealth Policy
=653  \\$aSustainable development
=653  \\$ahealthcare disparities
=653  \\$ahealth inequities
=653  \\$ahealth policy
=653  \\$akopenhagen
=653  \\$apopulation health
=653  \\$asustainable development
=710  2\$aWorld Health Organization.
=720  \\$aWeltgesundheitsorganisation. Regionalbüro für Europa
=856  4\$uhttps://policycommons.net/artifacts/2270993/der-europaische-gesundheitsbericht-2021/3030803/$yWorld Health Organization document$ahttps://policycommons.net/
=859  \\$aORR$bWorld Health Organization
=884  \\$aLDL ebooks tsv to marcxml transformation using XSLTtest.xsl$g20230321$qUk
=CAT  \\$aBATCH-IGO$b00$c20230402$lBLL01$h2226
=CAT  \\$aBATCH-UPD$b00$c20230402$lBLL01$h2230
=FIN  \\$aY$d20230402
=SRC  \\$aCoherent Digital WHO$bWHOrecords20230329.lex
=LAS  \\$aBATCH-UPD$b00$c20230402$lBLL01$h2230

