=LDR  01631nam a22003973i 4500
=001  021013369
=003  Uk
=005  20230402222606.0
=006  m\\\\||\\d\|\\\\\\
=007  cr\|||||||||||
=008  230321s2022\\\\sz\|||||o\\\\||||\||fre\\
=FMT  \\$a  BK
=040  \\$aVaAlCD$beng$cVaAlCD$dUk
=041  \\$afre
=245  00$aSituation de l'hygiène des mains dans le monde : appel mondial à l'action pour faire de l'hygiène des mains une priorité dans les politiques et la pratique /$cOrganisation mondiale de la Santé, Fonds des Nations Unies pour l'enfance.
=264  \1$a[Switzerland] :$bWorld Health Organization,$c2022.
=300  \\$a1 online resource.
=336  \\$atext$2rdacontent
=337  \\$acomputer$2rdamedia
=338  \\$aonline resource$2rdacarrier
=653  \\$aInvestments
=653  \\$agenève
=653  \\$ahand hygiene
=653  \\$ainfection control
=653  \\$ainvestments
=710  2\$aWorld Health Organization.
=720  \\$aOrganisation mondiale de la Santé
=720  \\$aFonds des Nations Unies pour l'enfance (‎UNICEF)‎
=856  4\$uhttps://policycommons.net/artifacts/2269628/situation-de-lhygiene-des-mains-dans-le-monde/3029446/$yWorld Health Organization document$ahttps://policycommons.net/
=859  \\$aORR$bWorld Health Organization
=884  \\$aLDL ebooks tsv to marcxml transformation using XSLTtest.xsl$g20230321$qUk
=CAT  \\$aBATCH-IGO$b00$c20230402$lBLL01$h2226
=CAT  \\$aBATCH-UPD$b00$c20230402$lBLL01$h2230
=FIN  \\$aY$d20230402
=SRC  \\$aCoherent Digital WHO$bWHOrecords20230329.lex
=LAS  \\$aBATCH-UPD$b00$c20230402$lBLL01$h2230

