=LDR  01893nam a22005293i 4500
=001  021013370
=003  Uk
=005  20230402222606.0
=006  m\\\\||\\d\|\\\\\\
=007  cr\|||||||||||
=008  230321s2022\\\\sz\|||||o\\\\||||\||fre\\
=FMT  \\$a  BK
=040  \\$aVaAlCD$beng$cVaAlCD$dUk
=041  \\$afre
=245  02$aL'utilisation de l'artésunate rectal comme traitement pré-transfert pour le paludisme grave à P. falciparum : note d'information /$cOrganisation mondiale de la Santé.
=264  \1$a[Switzerland] :$bWorld Health Organization,$c2022.
=300  \\$a1 online resource.
=336  \\$atext$2rdacontent
=337  \\$acomputer$2rdamedia
=338  \\$aonline resource$2rdacarrier
=653  \\$aAfrica
=653  \\$aAntimalarials
=653  \\$aNigeria
=653  \\$aUganda
=653  \\$aadministration and dosage
=653  \\$aadministration, rectal
=653  \\$aafrica
=653  \\$aantimalarials
=653  \\$aartemisinins
=653  \\$achild
=653  \\$acongo
=653  \\$adrug therapy
=653  \\$agenève
=653  \\$amalaria, falciparum
=653  \\$anigeria
=653  \\$areferral and consultation
=653  \\$auganda
=710  2\$aWorld Health Organization.
=720  \\$aOrganisation mondiale de la Santé
=856  4\$uhttps://policycommons.net/artifacts/2262022/lutilisation-de-lartesunate-rectal-comme-traitement-pre-transfert-pour-le-paludisme-grave-a-p-falciparum/3021076/$yWorld Health Organization document$ahttps://policycommons.net/
=859  \\$aORR$bWorld Health Organization
=884  \\$aLDL ebooks tsv to marcxml transformation using XSLTtest.xsl$g20230321$qUk
=CAT  \\$aBATCH-IGO$b00$c20230402$lBLL01$h2226
=CAT  \\$aBATCH-UPD$b00$c20230402$lBLL01$h2230
=FIN  \\$aY$d20230402
=SRC  \\$aCoherent Digital WHO$bWHOrecords20230329.lex
=LAS  \\$aBATCH-UPD$b00$c20230402$lBLL01$h2230

