=LDR  01914nam a22004453i 4500
=001  021013371
=003  Uk
=005  20230402222606.0
=006  m\\\\||\\d\|\\\\\\
=007  cr\|||||||||||
=008  230321s2022\\\\sz\|||||o\\\\||||\||eng\\
=FMT  \\$a  BK
=040  \\$aVaAlCD$beng$cVaAlCD$dUk
=245  00$aSummary report on the twenty-second intercountry meeting for directors of poliovirus laboratories in the WHO Eastern Mediterranean Region, virtual meeting, 10-11 November 2021 /$cWorld Health Organization. Regional Office for the Eastern Mediterranean.
=264  \1$a[Switzerland] :$bWorld Health Organization,$c2022.
=300  \\$a1 online resource.
=336  \\$atext$2rdacontent
=337  \\$acomputer$2rdamedia
=338  \\$aonline resource$2rdacarrier
=653  \\$aCommunicable Diseases
=653  \\$aLaboratories
=653  \\$aMediterranean Region
=653  \\$aPoliomyelitis
=653  \\$acairo
=653  \\$acommunicable diseases
=653  \\$adiagnosis
=653  \\$alaboratories
=653  \\$amediterranean region
=653  \\$apoliomyelitis
=653  \\$apoliovirus
=710  2\$aWorld Health Organization.
=720  \\$aWorld Health Organization. Regional Office for the Eastern Mediterranean
=856  4\$uhttps://policycommons.net/artifacts/2425893/summary-report-on-the-twenty-second-intercountry-meeting-for-directors-of-poliovirus-laboratories-in-the-who-eastern-mediterranean-region-virtual-meeting-10-11-november-2021/3447485/$yWorld Health Organization document$ahttps://policycommons.net/
=859  \\$aORR$bWorld Health Organization
=884  \\$aLDL ebooks tsv to marcxml transformation using XSLTtest.xsl$g20230321$qUk
=CAT  \\$aBATCH-IGO$b00$c20230402$lBLL01$h2226
=CAT  \\$aBATCH-UPD$b00$c20230402$lBLL01$h2230
=FIN  \\$aY$d20230402
=SRC  \\$aCoherent Digital WHO$bWHOrecords20230329.lex
=LAS  \\$aBATCH-UPD$b00$c20230402$lBLL01$h2230

