=LDR  02153nam a22003973i 4500
=001  021013377
=003  Uk
=005  20230402222606.0
=006  m\\\\||\\d\|\\\\\\
=007  cr\|||||||||||
=008  230321s2022\\\\sz\|||||o\\\\||||\||eng\\
=FMT  \\$a  BK
=040  \\$aVaAlCD$beng$cVaAlCD$dUk
=245  00$aWirksame Risikokommunikation zu Umwelt und Gesundheit: Ein strategischer Bericht über aktuelle Trends, Theorien und Konzepte /$cWeltgesundheitsorganisation. Regionalbüro für Europa.
=264  \1$a[Switzerland] :$bWorld Health Organization,$c2022.
=300  \\$a1 online resource.
=336  \\$atext$2rdacontent
=337  \\$acomputer$2rdamedia
=338  \\$aonline resource$2rdacarrier
=520  3\$aDieser Bericht enthält eine strategische Übersicht wirksamer Kommunikation für Umwelt und Gesundheit (‎EH)‎ generell, doch mit Fokus auf Europa. Er gibt einen Überblick zu aktuellen Trends, Theorien und Konzepten in Bezug auf Risikokommunikation zu EH und nennt zentrale Herausforderungen und bewährte Praktiken. Die Befunde des Berichts werden ergänzt durch drei Fallstudien: zur Förderung der Raumluftqualität an ungarischen Schulen, zur Wasserverschmutzung in der italienischen Region Veneto (‎Venetien)‎ und zum Hitzeschutzplan in der österreichischen Steiermark.
=653  \\$aEnvironment
=653  \\$aPublic Health
=653  \\$acommunication
=653  \\$aenvironment
=653  \\$akopenhagen
=653  \\$apublic health
=710  2\$aWorld Health Organization.
=720  \\$aWeltgesundheitsorganisation. Regionalbüro für Europa
=856  4\$uhttps://policycommons.net/artifacts/2367957/wirksame-risikokommunikation-zu-umwelt-und-gesundheit/3388971/$yWorld Health Organization document$ahttps://policycommons.net/
=859  \\$aORR$bWorld Health Organization
=884  \\$aLDL ebooks tsv to marcxml transformation using XSLTtest.xsl$g20230321$qUk
=CAT  \\$aBATCH-IGO$b00$c20230402$lBLL01$h2226
=CAT  \\$aBATCH-UPD$b00$c20230402$lBLL01$h2230
=FIN  \\$aY$d20230402
=SRC  \\$aCoherent Digital WHO$bWHOrecords20230329.lex
=LAS  \\$aBATCH-UPD$b00$c20230402$lBLL01$h2230

