=LDR  02381nam a22003853i 4500
=001  021013383
=003  Uk
=005  20230402222606.0
=006  m\\\\||\\d\|\\\\\\
=007  cr\|||||||||||
=008  230321s2022\\\\sz\|||||o\\\\||||\||eng\\
=FMT  \\$a  BK
=040  \\$aVaAlCD$beng$cVaAlCD$dUk
=245  00$aOral health care in Europe: financing, access and provision /$cWinkelmann, Juliane, Gómez Rossi, Jesús, van Ginneken, Ewout European Observatory on Health Systems and Policies.
=264  \1$a[Switzerland] :$bWorld Health Organization,$c2022.
=300  \\$a1 online resource.
=336  \\$atext$2rdacontent
=337  \\$acomputer$2rdamedia
=338  \\$aonline resource$2rdacarrier
=520  3\$aWith growing awareness of the large burden of oral diseases and how limited coverage affects both access and affordability, oral health policy has been receiving increased attention in recent years. This culminated in the adoption of the WHO resolution on Oral Health in 2021, which urges Member States to better integrate oral health into their universal health coverage and noncommunicable disease agendas. This study investigates major patterns and developments in oral health status, financing, coverage, access, and service provision of oral health care in 31 European countries. While most countries cover oral health care for vulnerable population groups, the level of statutory coverage varies widely across Europe resulting in different coverage and financing schemes for the adult population.
=653  \\$acopenhagen
=653  \\$adelivery of health care
=653  \\$aevaluation study
=653  \\$ahealthcare financing
=653  \\$aoral health
=710  2\$aWorld Health Organization.
=720  \\$aEuropean Observatory on Health Systems and Policies, Winkelmann, Juliane, Gómez Rossi, Jesús, van Ginneken, Ewout
=856  4\$uhttps://policycommons.net/artifacts/2467496/oral-health-care-in-europe/3489439/$yWorld Health Organization document$ahttps://policycommons.net/
=859  \\$aORR$bWorld Health Organization
=884  \\$aLDL ebooks tsv to marcxml transformation using XSLTtest.xsl$g20230321$qUk
=CAT  \\$aBATCH-IGO$b00$c20230402$lBLL01$h2226
=CAT  \\$aBATCH-UPD$b00$c20230402$lBLL01$h2230
=FIN  \\$aY$d20230402
=SRC  \\$aCoherent Digital WHO$bWHOrecords20230329.lex
=LAS  \\$aBATCH-UPD$b00$c20230402$lBLL01$h2230

