=LDR  03652nam a22004093i 4500
=001  021013388
=003  Uk
=005  20230402222606.0
=006  m\\\\||\\d\|\\\\\\
=007  cr\|||||||||||
=008  230321s2022\\\\sz\|||||o\\\\||||\||eng\\
=FMT  \\$a  BK
=040  \\$aVaAlCD$beng$cVaAlCD$dUk
=245  00$aOperationalization of the Multisectoral Accountability Framework to accelerate progress to end the Tuberculosis epidemic (‎MAF-TB)‎ within regional and national contexts of eastern Europe and central Asian countries of the WHO European Region: consultation report 2021 /$cWorld Health Organization. Regional Office for Europe.
=264  \1$a[Switzerland] :$bWorld Health Organization,$c2022.
=300  \\$a1 online resource.
=336  \\$atext$2rdacontent
=337  \\$acomputer$2rdamedia
=338  \\$aonline resource$2rdacarrier
=520  3\$aThe incidence of tuberculosis (‎TB)‎ is exacerbated by specific social and economic factors within the broader determinants of health, known as the social determinants of health. Poverty, food insecurity, and poor living and working conditions, among others, affect how people become infected, develop TB and cope with the hardships of treatment, and influence the health outcomes they face. The social determinants of TB cannot be influenced by the health system alone: firm political commitment is also required to pursue health equity through increasing access to opportunities and conditions conducive to health for all people, no matter who they are and where they live. To leverage political commitment, strong multisectoral collaboration and an accountability system are needed to support vulnerable individuals and groups who are disproportionally affected by TB. The importance of a multisectoral approach has been a cross-cutting theme in political commitments to end TB since the development of the WHO End TB Strategy, aligned with the Sustainable Development Goals, to guide accelerated action from 2016. At the request of Member States, WHO developed the Multisectoral accountability framework to end TB by 2030 (‎MAF-TB)‎ that encourages a multisectoral response in the fight against TB through addressing its social determinants. Between November and December 2020, a round of consultations was conducted with regional stakeholders in TB (‎technical agencies, donors, civil society and communities affected by TB)‎ to co-create a vision for MAF-TB operationalization in countries of eastern Europe and central Asia. This report outlines the outcomes of this consultation.
=653  \\$aInternational Cooperation
=653  \\$aSustainable development
=653  \\$aTuberculosis
=653  \\$acopenhagen
=653  \\$ainternational cooperation
=653  \\$asustainable development
=653  \\$atuberculosis
=710  2\$aWorld Health Organization.
=720  \\$aWorld Health Organization. Regional Office for Europe
=856  4\$uhttps://policycommons.net/artifacts/2391500/operationalization-of-the-multisectoral-accountability-framework-to-accelerate-progress-to-end-the-tuberculosis-epidemic-maf-tb-within-regional-and-national-contexts-of-eastern-europe-and-central-asian-countries-of-the-who-european-region/$yWorld Health Organization document$ahttps://policycommons.net/
=859  \\$aORR$bWorld Health Organization
=884  \\$aLDL ebooks tsv to marcxml transformation using XSLTtest.xsl$g20230321$qUk
=CAT  \\$aBATCH-IGO$b00$c20230402$lBLL01$h2226
=CAT  \\$aBATCH-UPD$b00$c20230402$lBLL01$h2230
=FIN  \\$aY$d20230402
=SRC  \\$aCoherent Digital WHO$bWHOrecords20230329.lex
=LAS  \\$aBATCH-UPD$b00$c20230402$lBLL01$h2230

