=LDR  01675nam a22004213i 4500
=001  021013389
=003  Uk
=005  20230402222606.0
=006  m\\\\||\\d\|\\\\\\
=007  cr\|||||||||||
=008  230321s2022\\\\sz\|||||o\\\\||||\||eng\\
=FMT  \\$a  BK
=040  \\$aVaAlCD$beng$cVaAlCD$dUk
=245  00$aRisk assessment of food allergens: part 1: review and validation of Codex alimentarius priority allergen list through risk assessment: meeting report /$cWorld Health Organization, Food and Agriculture Organization of the United Nations.
=264  \1$a[Switzerland] :$bWorld Health Organization,$c2022.
=300  \\$a1 online resource.
=336  \\$atext$2rdacontent
=337  \\$acomputer$2rdamedia
=338  \\$aonline resource$2rdacarrier
=653  \\$aRisk Assessment
=653  \\$aallergens
=653  \\$afood intolerance
=653  \\$afood labeling
=653  \\$afood safety
=653  \\$ameeting abstract
=653  \\$arisk assessment
=653  \\$arome
=710  2\$aWorld Health Organization.
=720  \\$aWorld Health Organization
=720  \\$aFood and Agriculture Organization of the United Nations
=856  4\$uhttps://policycommons.net/artifacts/2391467/risk-assessment-of-food-allergens/3412892/$yWorld Health Organization document$ahttps://policycommons.net/
=859  \\$aORR$bWorld Health Organization
=884  \\$aLDL ebooks tsv to marcxml transformation using XSLTtest.xsl$g20230321$qUk
=CAT  \\$aBATCH-IGO$b00$c20230402$lBLL01$h2226
=CAT  \\$aBATCH-UPD$b00$c20230402$lBLL01$h2230
=FIN  \\$aY$d20230402
=SRC  \\$aCoherent Digital WHO$bWHOrecords20230329.lex
=LAS  \\$aBATCH-UPD$b00$c20230402$lBLL01$h2230

