=LDR  02508nam a22003853i 4500
=001  021013390
=003  Uk
=005  20230402222606.0
=006  m\\\\||\\d\|\\\\\\
=007  cr\|||||||||||
=008  230321s2022\\\\sz\|||||o\\\\||||\||eng\\
=FMT  \\$a  BK
=040  \\$aVaAlCD$beng$cVaAlCD$dUk
=245  00$aHealth-promoting sports clubs national audit tool /$cWorld Health Organization. Regional Office for Europe.
=264  \1$a[Switzerland] :$bWorld Health Organization,$c2022.
=300  \\$a1 online resource.
=336  \\$atext$2rdacontent
=337  \\$acomputer$2rdamedia
=338  \\$aonline resource$2rdacarrier
=520  3\$aThis national audit tool for health-promoting sports clubs provides a protocol and method for collating the available national policies and strategies for supporting health promotion in sports clubs. This document provides an introduction and users' guide for the audit tool and the tool itself. The document also includes information on application of the 'settings-based approach' to sports clubs, the health-promoting sports club approach and development and use of this tool. The assessment will provide a comprehensive overview of national health promotion policies and strategies related to sports clubs in your country, which may indicate gaps in national health promotion and sport strategies and indicate areas to be developed. Completion of the tool may foster collaboration among government departments and organizations interested in a settings-based approach to health promotion. It can provide a catalyst for better communication, joint strategic planning and actions and collaboration among sectors for national health promotion policies in sports clubs.
=653  \\$aSports
=653  \\$acopenhagen
=653  \\$ahealth promotion
=653  \\$aphysical fitness
=653  \\$asports
=710  2\$aWorld Health Organization.
=720  \\$aWorld Health Organization. Regional Office for Europe
=856  4\$uhttps://policycommons.net/artifacts/2391454/health-promoting-sports-clubs-national-audit-tool/3412883/$yWorld Health Organization document$ahttps://policycommons.net/
=859  \\$aORR$bWorld Health Organization
=884  \\$aLDL ebooks tsv to marcxml transformation using XSLTtest.xsl$g20230321$qUk
=CAT  \\$aBATCH-IGO$b00$c20230402$lBLL01$h2226
=CAT  \\$aBATCH-UPD$b00$c20230402$lBLL01$h2230
=FIN  \\$aY$d20230402
=SRC  \\$aCoherent Digital WHO$bWHOrecords20230329.lex
=LAS  \\$aBATCH-UPD$b00$c20230402$lBLL01$h2230

