=LDR  01701nam a22004333i 4500
=001  021013393
=003  Uk
=005  20230402222606.0
=006  m\\\\||\\d\|\\\\\\
=007  cr\|||||||||||
=008  230321s2022\\\\sz\|||||o\\\\||||\||eng\\
=FMT  \\$a  BK
=040  \\$aVaAlCD$beng$cVaAlCD$dUk
=245  00$aWHO recommendations for resilient health systems /$cZsuzsanna Jakab, Michael J. Ryan, Jaouad Mahjour, Suraya Dalil, Stella Chungong, Gerard Schmets, Geraldine Mcdarby, Redda Seifeldin, Sohel Saikat, Tedros Adhanom Ghebreyesus.
=264  \1$a[Switzerland] :$bWorld Health Organization,$c2022.
=300  \\$a1 online resource.
=336  \\$atext$2rdacontent
=337  \\$acomputer$2rdamedia
=338  \\$aonline resource$2rdacarrier
=653  \\$aeditorials
=700  1\$aJakab, Zsuzsanna.
=700  1\$aRyan, Michael J.
=700  1\$aMahjour, Jaouad.
=700  1\$aDalil, Suraya.
=700  1\$aChungong, Stella.
=700  1\$aSchmets, Gerard.
=700  1\$aMcdarby, Geraldine.
=700  1\$aSeifeldin, Redda.
=700  1\$aSaikat, Sohel.
=710  2\$aWorld Health Organization.
=720  \\$aGhebreyesus, Tedros Adhanom
=856  4\$uhttps://policycommons.net/artifacts/2298231/who-recommendations-for-resilient-health-systems/3058747/$yWorld Health Organization document$ahttps://policycommons.net/
=859  \\$aORR$bWorld Health Organization
=884  \\$aLDL ebooks tsv to marcxml transformation using XSLTtest.xsl$g20230321$qUk
=CAT  \\$aBATCH-IGO$b00$c20230402$lBLL01$h2226
=CAT  \\$aBATCH-UPD$b00$c20230402$lBLL01$h2230
=FIN  \\$aY$d20230402
=SRC  \\$aCoherent Digital WHO$bWHOrecords20230329.lex
=LAS  \\$aBATCH-UPD$b00$c20230402$lBLL01$h2230

