=LDR  04303nam a22004213i 4500
=001  021013398
=003  Uk
=005  20230402222606.0
=006  m\\\\||\\d\|\\\\\\
=007  cr\|||||||||||
=008  230321s2022\\\\sz\|||||o\\\\||||\||rus\\
=FMT  \\$a  BK
=040  \\$aVaAlCD$beng$cVaAlCD$dUk
=041  \\$arus
=245  00$aСводное руководство по стратегической информации о ВИЧ: направленное воздействие программ мониторинга и управления /$cВсемирная организация здравоохранения.
=264  \1$a[Switzerland] :$bWorld Health Organization,$c2022.
=300  \\$a1 online resource.
=336  \\$atext$2rdacontent
=337  \\$acomputer$2rdamedia
=338  \\$aonline resource$2rdacarrier
=520  3\$aДанное руководство - обновленное издание публикации Всемирной организации здравоохранения2015 г. Сводное руководство по стратегической информации о ВИЧ в секторе здравоохранения - представляет комплекс основных совокупных индикаторов и руководство по выбору, сбору и систематическому анализу стратегической информации, необходимой для управления и мониторинга ответных мер национального сектора здравоохранения в связи с ВИЧ. В частности, в сфере программного управления настоящее руководство направлено на повышение способности программ к выявлению и устранению пробелов в доступе к услугам, охвате ими и качестве обслуживания на протяжении всего каскада медицинских услуг в связи с ВИЧ от первичной профилактики до знания своего ВИЧ-статуса и достижения снижения вирусной нагрузки. Что касается мониторинга программ, то настоящее руководство призвано оптимизировать и согласовывать национальную отчетность, используемую для оценки прогресса стран в достижении к 2030 г. целей 95-95-95 при реализации стратегии ускорения борьбы с ВИЧ (‎95% ВИЧ-положительных людей знают свой статус.
=520  3\$a95% людей, знающих о своем положительном ВИЧ-статусе, получают лечение, а 95% пациентов на лечении достигают снижения вирусной нагрузки)‎, а также в достижении Цели в области устойчивого развития 3.3 (‎положить конец эпидемии СПИДа)‎, о чем должно свидетельствовать снижение заболеваемости ВИЧ-инфекцией.
=653  \\$aAids
=653  \\$adrug utilization review
=653  \\$aguideline
=653  \\$ahiv
=653  \\$ahiv infections
=653  \\$aкопенгаген
=710  2\$aWorld Health Organization.
=720  \\$aВсемирная организация здравоохранения
=856  4\$uhttps://policycommons.net/artifacts/2195492/svodnoe-rukovodstvo-po-strategicheskoi-informatsii-o-vich/2951816/$yWorld Health Organization document$ahttps://policycommons.net/
=859  \\$aORR$bWorld Health Organization
=884  \\$aLDL ebooks tsv to marcxml transformation using XSLTtest.xsl$g20230321$qUk
=CAT  \\$aBATCH-IGO$b00$c20230402$lBLL01$h2226
=CAT  \\$aBATCH-UPD$b00$c20230402$lBLL01$h2230
=FIN  \\$aY$d20230402
=SRC  \\$aCoherent Digital WHO$bWHOrecords20230329.lex
=LAS  \\$aBATCH-UPD$b00$c20230402$lBLL01$h2230

