=LDR  03173nam a22004573i 4500
=001  021013399
=003  Uk
=005  20230402222606.0
=006  m\\\\||\\d\|\\\\\\
=007  cr\|||||||||||
=008  230321s2022\\\\sz\|||||o\\\\||||\||ger\\
=FMT  \\$a  BK
=040  \\$aVaAlCD$beng$cVaAlCD$dUk
=041  \\$ager
=245  00$aSchutz der Gesundheit durch städtebauliche Neuentwicklung kontaminierter Standorte: eine Planungshilfe /$cWeltgesundheitsorganisation. Regionalbüro für Europa.
=264  \1$a[Switzerland] :$bWorld Health Organization,$c2022.
=300  \\$a1 online resource.
=336  \\$atext$2rdacontent
=337  \\$acomputer$2rdamedia
=338  \\$aonline resource$2rdacarrier
=520  3\$aIn der gesamten Europäischen Region der WHO wächst die Stadtbevölkerung stetig und die Nachfrage nach Grund und Boden nimmt rapide zu. Die Revitalisierung und/oder Sanierung von Industriestandorten und kontaminierten Flächen bietet eine Chance für eine nachhaltige Stadtentwicklung. Solche Maßnahmen können auch dazu beitragen, den Druck auf unbeeinträchtigte Bodenressourcen zu verringern. Die Neuentwicklung kontaminierter Standorte kann jedoch anhaltende Umwelt- und Gesundheitsfolgen nach sich ziehen, wenn die Kontaminationsrisiken nicht ordnungsgemäß berücksichtigt oder beseitigt werden. Diese Veröffentlichung fasst die in ganz Europa gesammelten Erfahrungen mit der Neuentwicklung kontaminierter Standorte als Teil der Stadtplanung und -erneuerung zusammen. Insbesondere sollen Informationen über die Gesundheits- und Umweltauswirkungen bereitgestellt werden, die bei Projekten zur Neuentwicklung von Standorten zu berücksichtigen sind, und es sollen bewährte Verfahren und einschlägige lokale Erfahrungen zur Unterstützung der wirksamen, gesunden und nachhaltigen Neuentwicklung kontaminierter Standorte aufgezeigt werden. In diesem Sinne bietet diese Kurzdarstellung wichtige Botschaften zur Unterstützung der Arbeit von lokalen Entscheidungsträgern, Planern, Praktikern, Wissenschaftlern und Organisationen der Zivilgesellschaft.
=653  \\$aEnvironmental Health
=653  \\$aUrban Population
=653  \\$aenvironmental health
=653  \\$aenvironmental monitoring
=653  \\$aenvironmental pollutants
=653  \\$aenvironmental restoration and remediation
=653  \\$aenvironment and public health
=653  \\$akopenhagen
=653  \\$aurban health
=653  \\$aurban population
=710  2\$aWorld Health Organization.
=720  \\$aWeltgesundheitsorganisation. Regionalbüro für Europa
=856  4\$uhttps://policycommons.net/artifacts/2228150/schutz-der-gesundheit-durch-stadtebauliche-neuentwicklung-kontaminierter-standorte/2985584/$yWorld Health Organization document$ahttps://policycommons.net/
=859  \\$aORR$bWorld Health Organization
=884  \\$aLDL ebooks tsv to marcxml transformation using XSLTtest.xsl$g20230321$qUk
=CAT  \\$aBATCH-IGO$b00$c20230402$lBLL01$h2226
=CAT  \\$aBATCH-UPD$b00$c20230402$lBLL01$h2230
=FIN  \\$aY$d20230402
=SRC  \\$aCoherent Digital WHO$bWHOrecords20230329.lex
=LAS  \\$aBATCH-UPD$b00$c20230402$lBLL01$h2230

