=LDR  02204nam a22004333i 4500
=001  021013400
=003  Uk
=005  20230402222606.0
=006  m\\\\||\\d\|\\\\\\
=007  cr\|||||||||||
=008  230321s2022\\\\sz\|||||o\\\\||||\||geo\\
=FMT  \\$a  BK
=040  \\$aVaAlCD$beng$cVaAlCD$dUk
=041  \\$ageo
=245  00$aჯანმრთელობის დაცვის მოქმედი სისტემები: საქართველო /$cჯანდაცვის სისტემებისა და პოლიტიკის ევროპული ობსერვატორია, ჯანმრთელობის მსოფლიო ორგანიზაციის. ევროპის რეგიონული ოფისი.
=264  \1$a[Switzerland] :$bWorld Health Organization,$c2022.
=300  \\$a1 online resource.
=336  \\$atext$2rdacontent
=337  \\$acomputer$2rdamedia
=338  \\$aonline resource$2rdacarrier
=653  \\$aHealth Policy
=653  \\$aHealth Services
=653  \\$ageorgia
=653  \\$ahealthcare financing
=653  \\$ahealth policy
=653  \\$ahealth services
=653  \\$ahealth systems plans
=653  \\$aკოპენჰაგენი
=710  2\$aWorld Health Organization.
=720  \\$aჯანდაცვის სისტემებისა და პოლიტიკის ევროპული ობსერვატორია
=720  \\$aჯანმრთელობის მსოფლიო ორგანიზაციის. ევროპის რეგიონული ოფისი
=856  4\$uhttps://policycommons.net/artifacts/2238750/janmrtelobis-dacvis-mokmedi-sistemebi/2996803/$yWorld Health Organization document$ahttps://policycommons.net/
=859  \\$aORR$bWorld Health Organization
=884  \\$aLDL ebooks tsv to marcxml transformation using XSLTtest.xsl$g20230321$qUk
=CAT  \\$aBATCH-IGO$b00$c20230402$lBLL01$h2226
=CAT  \\$aBATCH-UPD$b00$c20230402$lBLL01$h2230
=FIN  \\$aY$d20230402
=SRC  \\$aCoherent Digital WHO$bWHOrecords20230329.lex
=LAS  \\$aBATCH-UPD$b00$c20230402$lBLL01$h2230

