=LDR  01704nam a22004573i 4500
=001  021013403
=003  Uk
=005  20230402222606.0
=006  m\\\\||\\d\|\\\\\\
=007  cr\|||||||||||
=008  230321s2022\\\\sz\|||||o\\\\||||\||eng\\
=FMT  \\$a  BK
=040  \\$aVaAlCD$beng$cVaAlCD$dUk
=245  00$aRastreo de contactos y cuarentena en el contexto de la variante ómicron del SARS-CoV-2: orientaciones provisionales, 17 de febrero de 2022 /$cOrganización Mundial de la Salud.
=264  \1$a[Switzerland] :$bWorld Health Organization,$c2022.
=300  \\$a1 online resource.
=336  \\$atext$2rdacontent
=337  \\$acomputer$2rdamedia
=338  \\$aonline resource$2rdacarrier
=653  \\$aCOVID-19
=653  \\$aEpidemics
=653  \\$aQuarantine
=653  \\$abetacoronavirus
=653  \\$acontact tracing
=653  \\$acovid-19
=653  \\$adisease outbreaks
=653  \\$aginebra
=653  \\$aguideline
=653  \\$apandemics
=653  \\$aquarantine
=653  \\$asars-cov-2
=710  2\$aWorld Health Organization.
=720  \\$aOrganización Mundial de la Salud
=856  4\$uhttps://policycommons.net/artifacts/2294696/rastreo-de-contactos-y-cuarentena-en-el-contexto-de-la-variante-omicron-del-sars-cov-2/3054983/$yWorld Health Organization document$ahttps://policycommons.net/
=859  \\$aORR$bWorld Health Organization
=884  \\$aLDL ebooks tsv to marcxml transformation using XSLTtest.xsl$g20230321$qUk
=CAT  \\$aBATCH-IGO$b00$c20230402$lBLL01$h2226
=CAT  \\$aBATCH-UPD$b00$c20230402$lBLL01$h2230
=FIN  \\$aY$d20230402
=SRC  \\$aCoherent Digital WHO$bWHOrecords20230329.lex
=LAS  \\$aBATCH-UPD$b00$c20230402$lBLL01$h2230

