=LDR  01635nam a22003853i 4500
=001  021013407
=003  Uk
=005  20230402222606.0
=006  m\\\\||\\d\|\\\\\\
=007  cr\|||||||||||
=008  230321s2022\\\\sz\|||||o\\\\||||\||eng\\
=FMT  \\$a  BK
=040  \\$aVaAlCD$beng$cVaAlCD$dUk
=245  00$aTrousse d'outils de vérification des compétences : s'assurer de la compétence des professionnels de la santé en matière de mise en oeuvre de l'Initiative Hôpitaux amis des bébés /$cOrganisation mondiale de la Santé. Bureau régional de l'Afrique.
=264  \1$a[Switzerland] :$bWorld Health Organization,$c2022.
=300  \\$a1 online resource.
=336  \\$atext$2rdacontent
=337  \\$acomputer$2rdamedia
=338  \\$aonline resource$2rdacarrier
=653  \\$aHospitals
=653  \\$abrazzaville
=653  \\$abreast feeding
=653  \\$ahospitals
=653  \\$ainfant health
=653  \\$amaternal health services
=710  2\$aWorld Health Organization.
=720  \\$aOrganisation mondiale de la Santé. Bureau régional de l'Afrique
=856  4\$uhttps://policycommons.net/artifacts/2294692/trousse-doutils-de-verification-des-competences/3054977/$yWorld Health Organization document$ahttps://policycommons.net/
=859  \\$aORR$bWorld Health Organization
=884  \\$aLDL ebooks tsv to marcxml transformation using XSLTtest.xsl$g20230321$qUk
=CAT  \\$aBATCH-IGO$b00$c20230402$lBLL01$h2226
=CAT  \\$aBATCH-UPD$b00$c20230402$lBLL01$h2230
=FIN  \\$aY$d20230402
=SRC  \\$aCoherent Digital WHO$bWHOrecords20230329.lex
=LAS  \\$aBATCH-UPD$b00$c20230402$lBLL01$h2230

