=LDR  03919nam a22004213i 4500
=001  021013409
=003  Uk
=005  20230402222606.0
=006  m\\\\||\\d\|\\\\\\
=007  cr\|||||||||||
=008  230321s2022\\\\sz\|||||o\\\\||||\||bul\\
=FMT  \\$a  BK
=040  \\$aVaAlCD$beng$cVaAlCD$dUk
=041  \\$abul
=245  00$aГлобални насоки на СЗО за качеството на въздуха: фини прахови частици (‎ФПЧ2.5 и ФПЧ10)‎, озон, азотен диоксид, серен диоксид и въглероден монооксид. Обобщено изложение /$cРегионален офис на СЗО за Европа.
=264  \1$a[Switzerland] :$bWorld Health Organization,$c2022.
=300  \\$a1 online resource.
=336  \\$atext$2rdacontent
=337  \\$acomputer$2rdamedia
=338  \\$aonline resource$2rdacarrier
=520  3\$aОсновната цел на тези актуализирани глобални насоки е да предоставят референтни стойности за качеството на въздуха под формата на дългосрочни и краткосрочни концентрации, формулирани на базата на целеви здравни резултати, по отно¬шение на шест основни замърсители, а именно: ФПЧ2,5, ФПЧ10, озон, азотен диоксид, серен диоксид и въглероден монооксид. Освен това, в този документ са посочени и междинни целеви стойности, целта на които е продължаващо да насочват уси¬лията в посока контрол на емисиите от тези вещества, както и да послужат за пример за добра практика за управление на определени други видове ФПЧ (‎напр. черен въглерод/еле¬ментарен въглерод, ултрафини прахови частици и частици от прах и прашни бури)‎. Тези насоки не са правнообвързващи стандарти, но целят да предоставят на държавите-членки на СЗО базиран на доказателства инструмент, който да послужи за информирано формулиране на законодателство и политики. Крайната им цел е да способстват за намаляване нивата на съдържание на тези замърсители във въздуха, а оттам и на¬маляване на огромния здравен товар вследствие на излагане под въздействието им в глобален мащаб.
=653  \\$aAir Pollution
=653  \\$aParticulate Matter
=653  \\$aair pollution
=653  \\$aenvironmental exposure
=653  \\$aguidelines as topic
=653  \\$aparticulate matter
=653  \\$aкопенхаген
=710  2\$aWorld Health Organization.
=720  \\$aРегионален офис на СЗО за Европа
=856  4\$uhttps://policycommons.net/artifacts/2264922/globalni-nasoki-na-szo-za-kachestvoto-na-vzdukha/3023950/$yWorld Health Organization document$ahttps://policycommons.net/
=859  \\$aORR$bWorld Health Organization
=884  \\$aLDL ebooks tsv to marcxml transformation using XSLTtest.xsl$g20230321$qUk
=CAT  \\$aBATCH-IGO$b00$c20230402$lBLL01$h2226
=CAT  \\$aBATCH-UPD$b00$c20230402$lBLL01$h2230
=FIN  \\$aY$d20230402
=SRC  \\$aCoherent Digital WHO$bWHOrecords20230329.lex
=LAS  \\$aBATCH-UPD$b00$c20230402$lBLL01$h2230

