=LDR  03202nam a22004333i 4500
=001  021013412
=003  Uk
=005  20230402222606.0
=006  m\\\\||\\d\|\\\\\\
=007  cr\|||||||||||
=008  230321s2022\\\\sz\|||||o\\\\||||\||rus\\
=FMT  \\$a  BK
=040  \\$aVaAlCD$beng$cVaAlCD$dUk
=041  \\$arus
=245  00$aПартограмма ВОЗ: руководство для пользователя /$cВсемирная организация здравоохранения.
=264  \1$a[Switzerland] :$bWorld Health Organization,$c2022.
=300  \\$a1 online resource.
=336  \\$atext$2rdacontent
=337  \\$acomputer$2rdamedia
=338  \\$aonline resource$2rdacarrier
=520  3\$aДанное руководство разработано для содействия эффективному использованию партограммы работниками здравоохранения, оказывающими помощь роженицам в ходе родов и родоразрешения. Основной целевой аудиторией данного пособия являются квалифицированные медицинские работники, непосредственно занятые в процессе оказания помощи в родах и родоразрешении во всех учреждениях. К их числу относятся акушерки, медицинские сестры, врачи общей практики и врачи акушеры. Кроме того, пособие будет полезным для сотрудников, занимающихся подготовкой медицинского персонала, руководителей медицинских учреждений, исполнителей и руководителей программ в области охраны здоровья матери и ребенка, неправительственных организаций (‎НПО)‎ и профессиональных обществ, участвующих в планировании и управлении услугами в области охраны здоровья матери и ребенка.
=653  \\$aPregnancy
=653  \\$alabor, obstetric
=653  \\$alabor onset
=653  \\$amaternal-child nursing
=653  \\$aobstetric nursing
=653  \\$apractice guideline
=653  \\$apregnancy
=653  \\$aкопенгаген
=710  2\$aWorld Health Organization.
=720  \\$aВсемирная организация здравоохранения
=856  4\$uhttps://policycommons.net/artifacts/2233421/partogramma-voz/2991351/$yWorld Health Organization document$ahttps://policycommons.net/
=859  \\$aORR$bWorld Health Organization
=884  \\$aLDL ebooks tsv to marcxml transformation using XSLTtest.xsl$g20230321$qUk
=CAT  \\$aBATCH-IGO$b00$c20230402$lBLL01$h2226
=CAT  \\$aBATCH-UPD$b00$c20230402$lBLL01$h2230
=FIN  \\$aY$d20230402
=SRC  \\$aCoherent Digital WHO$bWHOrecords20230329.lex
=LAS  \\$aBATCH-UPD$b00$c20230402$lBLL01$h2230

