=LDR  01605nam a22003973i 4500
=001  021013414
=003  Uk
=005  20230402222606.0
=006  m\\\\||\\d\|\\\\\\
=007  cr\|||||||||||
=008  230321s2022\\\\sz\|||||o\\\\||||\||eng\\
=FMT  \\$a  BK
=040  \\$aVaAlCD$beng$cVaAlCD$dUk
=245  00$aProtecting noncommunicable disease prevention policy in trade and investment agreements /$cAnne Marie Thow, Amandine Garde, L. Alan Winters, Ellen Johnson, Andi Mabhala, Paul Kingston, Pepita Barlow.
=264  \1$a[Switzerland] :$bWorld Health Organization,$c2022.
=300  \\$a1 online resource.
=336  \\$atext$2rdacontent
=337  \\$acomputer$2rdamedia
=338  \\$aonline resource$2rdacarrier
=653  \\$apolicy & practice
=700  1\$aThow, Anne Marie.
=700  1\$aGarde, Amandine.
=700  1\$aWinters, L. Alan.
=700  1\$aJohnson, Ellen.
=700  1\$aMabhala, Andi.
=700  1\$aKingston, Paul.
=700  1\$aBarlow, Pepita.
=710  2\$aWorld Health Organization.
=856  4\$uhttps://policycommons.net/artifacts/2298224/protecting-noncommunicable-disease-prevention-policy-in-trade-and-investment-agreements/3058773/$yWorld Health Organization document$ahttps://policycommons.net/
=859  \\$aORR$bWorld Health Organization
=884  \\$aLDL ebooks tsv to marcxml transformation using XSLTtest.xsl$g20230321$qUk
=CAT  \\$aBATCH-IGO$b00$c20230402$lBLL01$h2226
=CAT  \\$aBATCH-UPD$b00$c20230402$lBLL01$h2230
=FIN  \\$aY$d20230402
=SRC  \\$aCoherent Digital WHO$bWHOrecords20230329.lex
=LAS  \\$aBATCH-UPD$b00$c20230402$lBLL01$h2230

