=LDR  01567nam a22003973i 4500
=001  021013415
=003  Uk
=005  20230402222606.0
=006  m\\\\||\\d\|\\\\\\
=007  cr\|||||||||||
=008  230321s2022\\\\sz\|||||o\\\\||||\||eng\\
=FMT  \\$a  BK
=040  \\$aVaAlCD$beng$cVaAlCD$dUk
=245  00$aNormalizing the political economy of improving health /$cSusan P. Sparkes, Paola Abril Campos Rivera, Hyobum Jang, Robert Marten, Dheepa Rajan, Alastair Robb, Zubin Cyrus Shroff.
=264  \1$a[Switzerland] :$bWorld Health Organization,$c2022.
=300  \\$a1 online resource.
=336  \\$atext$2rdacontent
=337  \\$acomputer$2rdamedia
=338  \\$aonline resource$2rdacarrier
=653  \\$alessons from the field
=700  1\$aSparkes, Susan P.
=700  1\$aCampos Rivera, Paola Abril.
=700  1\$aJang, Hyobum.
=700  1\$aMarten, Robert.
=700  1\$aRajan, Dheepa.
=700  1\$aRobb, Alastair.
=700  1\$aShroff, Zubin Cyrus.
=710  2\$aWorld Health Organization.
=856  4\$uhttps://policycommons.net/artifacts/2298236/normalizing-the-political-economy-of-improving-health/3058756/$yWorld Health Organization document$ahttps://policycommons.net/
=859  \\$aORR$bWorld Health Organization
=884  \\$aLDL ebooks tsv to marcxml transformation using XSLTtest.xsl$g20230321$qUk
=CAT  \\$aBATCH-IGO$b00$c20230402$lBLL01$h2226
=CAT  \\$aBATCH-UPD$b00$c20230402$lBLL01$h2230
=FIN  \\$aY$d20230402
=SRC  \\$aCoherent Digital WHO$bWHOrecords20230329.lex
=LAS  \\$aBATCH-UPD$b00$c20230402$lBLL01$h2230

