=LDR  03107nam a22007813i 4500
=001  021013417
=003  Uk
=005  20230402222606.0
=006  m\\\\||\\d\|\\\\\\
=007  cr\|||||||||||
=008  230321s2022\\\\sz\|||||o\\\\||||\||eng\\
=FMT  \\$a  BK
=040  \\$aVaAlCD$beng$cVaAlCD$dUk
=245  00$aExpansion of the measles and rubella laboratory network, India /$cDeepa Sharma, Lucky Sangal, Neetu Vijay, Uma Nalavade, Kaveri Krishnasamy, Shailesh Pawar, Harmanmeet Kaur, Jitendra Narayan, Sneha Rane, Manish Narkar, Ramesh Arumugam, Dhanagaran D, A P. Sugunan, Anukumar Balakrishnan, Bestin Joseph, Jyotirmayee Turuk, Jyotsnamayee Sabat, Prakash Sahoo, Pradip Barde, Lalit Sahare, Mahendra Ukey, Manoj Kumar, Nikesh Sinha, Zulfiquar Ali Bhuttoo, Paluru Vijayachari, Punnam Chander, Shivangi Sharma, Venkatesha D, Gayathree L, Chethan Sharma, Pankaj Bhatnagar, Kristin VanderEnde, Nirmal Kaundal, Ratnesh Murugan, Pradeep Haldar, Deepak Gadkari, Neeraj Aggarwal, Nivedita Gupta.
=264  \1$a[Switzerland] :$bWorld Health Organization,$c2022.
=300  \\$a1 online resource.
=336  \\$atext$2rdacontent
=337  \\$acomputer$2rdamedia
=338  \\$aonline resource$2rdacarrier
=653  \\$aResearch
=653  \\$aresearch
=700  1\$aSharma, Deepa.
=700  1\$aSangal, Lucky.
=700  1\$aVijay, Neetu.
=700  1\$aNalavade, Uma.
=700  1\$aKrishnasamy, Kaveri.
=700  1\$aPawar, Shailesh.
=700  1\$aKaur, Harmanmeet.
=700  1\$aNarayan, Jitendra.
=700  1\$aRane, Sneha.
=700  1\$aNarkar, Manish.
=700  1\$aArumugam, Ramesh.
=700  1\$aD, Dhanagaran.
=700  1\$aSugunan, AP.
=700  1\$aBalakrishnan, Anukumar.
=700  1\$aJoseph, Bestin.
=700  1\$aTuruk, Jyotirmayee.
=700  1\$aSabat, Jyotsnamayee.
=700  1\$aSahoo, Prakash.
=700  1\$aBarde, Pradip.
=700  1\$aSahare, Lalit.
=700  1\$aUkey, Mahendra.
=700  1\$aKumar, Manoj.
=700  1\$aSinha, Nikesh.
=700  1\$aBhuttoo, Zulfiquar Ali.
=700  1\$aVijayachari, Paluru.
=700  1\$aChander, Punnam.
=700  1\$aSharma, Shivangi.
=700  1\$aD, Venkatesha.
=700  1\$aL, Gayathree.
=700  1\$aSharma, Chethan.
=700  1\$aBhatnagar, Pankaj.
=700  1\$aVanderEnde, Kristin.
=700  1\$aKaundal, Nirmal.
=700  1\$aMurugan, Ratnesh.
=700  1\$aHaldar, Pradeep.
=700  1\$aGadkari, Deepak.
=700  1\$aAggarwal, Neeraj.
=700  1\$aGupta, Nivedita.
=710  2\$aWorld Health Organization.
=856  4\$uhttps://policycommons.net/artifacts/2298223/expansion-of-the-measles-and-rubella-laboratory-network-india/3058760/$yWorld Health Organization document$ahttps://policycommons.net/
=859  \\$aORR$bWorld Health Organization
=884  \\$aLDL ebooks tsv to marcxml transformation using XSLTtest.xsl$g20230321$qUk
=CAT  \\$aBATCH-IGO$b00$c20230402$lBLL01$h2226
=CAT  \\$aBATCH-UPD$b00$c20230402$lBLL01$h2230
=FIN  \\$aY$d20230402
=SRC  \\$aCoherent Digital WHO$bWHOrecords20230329.lex
=LAS  \\$aBATCH-UPD$b00$c20230402$lBLL01$h2230

