=LDR  01584nam a22004213i 4500
=001  021013419
=003  Uk
=005  20230402222606.0
=006  m\\\\||\\d\|\\\\\\
=007  cr\|||||||||||
=008  230321s2022\\\\sz\|||||o\\\\||||\||spa\\
=FMT  \\$a  BK
=040  \\$aVaAlCD$beng$cVaAlCD$dUk
=041  \\$aspa
=245  00$aOrientaciones evolutivas para el manejo clínico de la COVID-19: orientaciones evolutivas, 23 de noviembre de 2021 /$cOrganización Mundial de la Salud.
=264  \1$a[Switzerland] :$bWorld Health Organization,$c2022.
=300  \\$a1 online resource.
=336  \\$atext$2rdacontent
=337  \\$acomputer$2rdamedia
=338  \\$aonline resource$2rdacarrier
=653  \\$aCOVID-19
=653  \\$abetacoronavirus
=653  \\$aclinical medicine
=653  \\$acovid-19
=653  \\$adisease outbreaks
=653  \\$aginebra
=653  \\$aguideline
=653  \\$apatient care management
=710  2\$aWorld Health Organization.
=720  \\$aOrganización Mundial de la Salud
=856  4\$uhttps://policycommons.net/artifacts/2268416/orientaciones-evolutivas-para-el-manejo-clinico-de-la-covid-19/3028166/$yWorld Health Organization document$ahttps://policycommons.net/
=859  \\$aORR$bWorld Health Organization
=884  \\$aLDL ebooks tsv to marcxml transformation using XSLTtest.xsl$g20230321$qUk
=CAT  \\$aBATCH-IGO$b00$c20230402$lBLL01$h2226
=CAT  \\$aBATCH-UPD$b00$c20230402$lBLL01$h2230
=FIN  \\$aY$d20230402
=SRC  \\$aCoherent Digital WHO$bWHOrecords20230329.lex
=LAS  \\$aBATCH-UPD$b00$c20230402$lBLL01$h2230

