=LDR  01730nam a22004573i 4500
=001  021013420
=003  Uk
=005  20230402222606.0
=006  m\\\\||\\d\|\\\\\\
=007  cr\|||||||||||
=008  230321s2022\\\\sz\|||||o\\\\||||\||fre\\
=FMT  \\$a  BK
=040  \\$aVaAlCD$beng$cVaAlCD$dUk
=041  \\$afre
=245  00$aPrévention de la violence à l'égard des enfants 2020 : rapport de situation dans la Région africaine de l'OMS /$cOrganisation mondiale de la Santé. Bureau régional de l'Afrique.
=264  \1$a[Switzerland] :$bWorld Health Organization,$c2022.
=300  \\$a1 online resource.
=336  \\$atext$2rdacontent
=337  \\$acomputer$2rdamedia
=338  \\$aonline resource$2rdacarrier
=653  \\$aChild Abuse
=653  \\$aChild Health
=653  \\$aChild Welfare
=653  \\$aViolence
=653  \\$abrazzaville
=653  \\$achild abuse
=653  \\$achild health
=653  \\$achild welfare
=653  \\$aexposure to violence
=653  \\$ainterpersonal relations
=653  \\$aviolence
=710  2\$aWorld Health Organization.
=720  \\$aOrganisation mondiale de la Santé. Bureau régional de l'Afrique
=856  4\$uhttps://policycommons.net/artifacts/2275010/prevention-de-la-violence-a-legard-des-enfants-2020/3034986/$yWorld Health Organization document$ahttps://policycommons.net/
=859  \\$aORR$bWorld Health Organization
=884  \\$aLDL ebooks tsv to marcxml transformation using XSLTtest.xsl$g20230321$qUk
=CAT  \\$aBATCH-IGO$b00$c20230402$lBLL01$h2226
=CAT  \\$aBATCH-UPD$b00$c20230402$lBLL01$h2230
=FIN  \\$aY$d20230402
=SRC  \\$aCoherent Digital WHO$bWHOrecords20230329.lex
=LAS  \\$aBATCH-UPD$b00$c20230402$lBLL01$h2230

