=LDR  01874nam a22004573i 4500
=001  021013421
=003  Uk
=005  20230402222606.0
=006  m\\\\||\\d\|\\\\\\
=007  cr\|||||||||||
=008  230321s2022\\\\sz\|||||o\\\\||||\||spa\\
=FMT  \\$a  BK
=040  \\$aVaAlCD$beng$cVaAlCD$dUk
=041  \\$aspa
=245  00$aProcedimiento operativo normalizado para determinar el contenido en nicotina, glicerol y propilenglicol en líquidos para sistemas electrónicos de administración: método oficial de la TobLabNet de la OMS, PON 11 /$cOrganización Mundial de la Salud.
=264  \1$a[Switzerland] :$bWorld Health Organization,$c2022.
=300  \\$a1 online resource.
=336  \\$atext$2rdacontent
=337  \\$acomputer$2rdamedia
=338  \\$aonline resource$2rdacarrier
=653  \\$aTobacco
=653  \\$aanalysis
=653  \\$aconsumer product safety
=653  \\$aelectronic nicotine delivery systems
=653  \\$aginebra
=653  \\$aglycerol
=653  \\$anicotine
=653  \\$apropylene glycol
=653  \\$astandards
=653  \\$atobacco
=653  \\$atoxicity tests
=710  2\$aWorld Health Organization.
=720  \\$aOrganización Mundial de la Salud
=856  4\$uhttps://policycommons.net/artifacts/2270990/procedimiento-operativo-normalizado-para-determinar-el-contenido-en-nicotina-glicerol-y-propilenglicol-en-liquidos-para-sistemas-electronicos-de-administracion/3030804/$yWorld Health Organization document$ahttps://policycommons.net/
=859  \\$aORR$bWorld Health Organization
=884  \\$aLDL ebooks tsv to marcxml transformation using XSLTtest.xsl$g20230321$qUk
=CAT  \\$aBATCH-IGO$b00$c20230402$lBLL01$h2226
=CAT  \\$aBATCH-UPD$b00$c20230402$lBLL01$h2230
=FIN  \\$aY$d20230402
=SRC  \\$aCoherent Digital WHO$bWHOrecords20230329.lex
=LAS  \\$aBATCH-UPD$b00$c20230402$lBLL01$h2230

