=LDR  01679nam a22004213i 4500
=001  021013425
=003  Uk
=005  20230402222606.0
=006  m\\\\||\\d\|\\\\\\
=007  cr\|||||||||||
=008  230321s2022\\\\sz\|||||o\\\\||||\||eng\\
=FMT  \\$a  BK
=040  \\$aVaAlCD$beng$cVaAlCD$dUk
=245  00$aÉvaluation externe conjointe des principales capacités RSI du Canada : rapport de mission : 11-20 juin 2018 /$cOrganisation mondiale de la Santé, Organisation Panaméricaine de la Santé.
=264  \1$a[Switzerland] :$bWorld Health Organization,$c2022.
=300  \\$a1 online resource.
=336  \\$atext$2rdacontent
=337  \\$acomputer$2rdamedia
=338  \\$aonline resource$2rdacarrier
=653  \\$aCanada
=653  \\$aCapacity Building
=653  \\$aInternational Cooperation
=653  \\$acanada
=653  \\$acapacity building
=653  \\$agenève
=653  \\$ainternational cooperation
=653  \\$atechnical report
=710  2\$aWorld Health Organization.
=720  \\$aOrganisation mondiale de la Santé
=720  \\$aOrganisation Panaméricaine de la Santé
=856  4\$uhttps://policycommons.net/artifacts/2367955/evaluation-externe-conjointe-des-principales-capacites-rsi-du-canada/$yWorld Health Organization document$ahttps://policycommons.net/
=859  \\$aORR$bWorld Health Organization
=884  \\$aLDL ebooks tsv to marcxml transformation using XSLTtest.xsl$g20230321$qUk
=CAT  \\$aBATCH-IGO$b00$c20230402$lBLL01$h2226
=CAT  \\$aBATCH-UPD$b00$c20230402$lBLL01$h2230
=FIN  \\$aY$d20230402
=SRC  \\$aCoherent Digital WHO$bWHOrecords20230329.lex
=LAS  \\$aBATCH-UPD$b00$c20230402$lBLL01$h2230

