=LDR  02957nam a22005053i 4500
=001  021013426
=003  Uk
=005  20230402222606.0
=006  m\\\\||\\d\|\\\\\\
=007  cr\|||||||||||
=008  230321s2022\\\\sz\|||||o\\\\||||\||eng\\
=FMT  \\$a  BK
=040  \\$aVaAlCD$beng$cVaAlCD$dUk
=245  00$aGuidance on vaccination and prevention of vaccine-preventable disease outbreaks for countries hosting refugees from Ukraine, April 2022 update /$cWorld Health Organization. Regional Office for Europe.
=264  \1$a[Switzerland] :$bWorld Health Organization,$c2022.
=300  \\$a1 online resource.
=336  \\$atext$2rdacontent
=337  \\$acomputer$2rdamedia
=338  \\$aonline resource$2rdacarrier
=520  3\$aThis document provides guidance on interventions to prevent vaccine-preventable disease outbreaks in the context of mass population movement resulting from the ongoing crisis in Ukraine. The priority actions include: 1. planning and provision of resources to fully vaccinate refugee children with routine vaccinations in the national immunization schedule of the host country.
=520  3\$a2. prioritizing vaccination against poliomyelitis, measles, rubella and COVID-19.
=520  3\$aa. inactivated poliovirus vaccine (‎IPV)‎ for children under 6 years.
=520  3\$ab. measles- and rubella-containing vaccine (‎MRCV)‎ to children up to 15 years who do not have at least two documented doses of these antigens.
=520  3\$ac. COVID-19 vaccine for priority groups in line with WHO recommendations and national guidelines.
=520  3\$a3. identifying and closing any immunity gaps in the host population and proactively addressing any identified weaknesses in national immunization service delivery and programme performance.
=520  3\$a4. ensuring effective disease surveillance and reporting systems are in place.
=520  3\$aand 5. identifying, investigating and rapidly responding to signals of vaccine-preventable disease outbreaks.
=653  \\$aImmunization
=653  \\$aRefugees
=653  \\$aUkraine
=653  \\$acopenhagen
=653  \\$aemergencies
=653  \\$aimmunization
=653  \\$arefugees
=653  \\$aukraine
=710  2\$aWorld Health Organization.
=720  \\$aWorld Health Organization. Regional Office for Europe
=856  4\$uhttps://policycommons.net/artifacts/2391510/guidance-on-vaccination-and-prevention-of-vaccine-preventable-disease-outbreaks-for-countries-hosting-refugees-from-ukraine-april-2022-update/$yWorld Health Organization document$ahttps://policycommons.net/
=859  \\$aORR$bWorld Health Organization
=884  \\$aLDL ebooks tsv to marcxml transformation using XSLTtest.xsl$g20230321$qUk
=CAT  \\$aBATCH-IGO$b00$c20230402$lBLL01$h2226
=CAT  \\$aBATCH-UPD$b00$c20230402$lBLL01$h2230
=FIN  \\$aY$d20230402
=SRC  \\$aCoherent Digital WHO$bWHOrecords20230329.lex
=LAS  \\$aBATCH-UPD$b00$c20230402$lBLL01$h2230

