=LDR  02309nam a22004333i 4500
=001  021013428
=003  Uk
=005  20230402222606.0
=006  m\\\\||\\d\|\\\\\\
=007  cr\|||||||||||
=008  230321s2022\\\\sz\|||||o\\\\||||\||eng\\
=FMT  \\$a  BK
=040  \\$aVaAlCD$beng$cVaAlCD$dUk
=245  00$aObtaining proof of vaccination status and assessing vaccination records of refugees from Ukraine. Supplement to: Guidance on vaccination and prevention of vaccine-preventable disease outbreaks for countries hosting refugees from Ukraine, April 2022 update /$cWorld Health Organization. Regional Office for Europe.
=264  \1$a[Switzerland] :$bWorld Health Organization,$c2022.
=300  \\$a1 online resource.
=336  \\$atext$2rdacontent
=337  \\$acomputer$2rdamedia
=338  \\$aonline resource$2rdacarrier
=520  3\$aThis document provides: • information on how to obtain vaccination documentation remotely (‎intended for refugees from Ukraine and internally displaced persons (‎IDPs)‎ in Ukraine who lack documentation of vaccination status for themselves or their children)‎.
=520  3\$a• information on the types of vaccination documentation issued in Ukraine, and English translations of standard documents (‎intended for health care providers in refugee-host countries to facilitate assessment of vaccination status of refugees)‎.
=653  \\$aImmunization
=653  \\$aRefugees
=653  \\$aUkraine
=653  \\$acopenhagen
=653  \\$aemergencies
=653  \\$aimmunization
=653  \\$arefugees
=653  \\$aukraine
=710  2\$aWorld Health Organization.
=720  \\$aWorld Health Organization. Regional Office for Europe
=856  4\$uhttps://policycommons.net/artifacts/2391507/obtaining-proof-of-vaccination-status-and-assessing-vaccination-records-of-refugees-from-ukraine-supplement-to/$yWorld Health Organization document$ahttps://policycommons.net/
=859  \\$aORR$bWorld Health Organization
=884  \\$aLDL ebooks tsv to marcxml transformation using XSLTtest.xsl$g20230321$qUk
=CAT  \\$aBATCH-IGO$b00$c20230402$lBLL01$h2226
=CAT  \\$aBATCH-UPD$b00$c20230402$lBLL01$h2230
=FIN  \\$aY$d20230402
=SRC  \\$aCoherent Digital WHO$bWHOrecords20230329.lex
=LAS  \\$aBATCH-UPD$b00$c20230402$lBLL01$h2230

