=LDR  01686nam a22004813i 4500
=001  021013430
=003  Uk
=005  20230402222606.0
=006  m\\\\||\\d\|\\\\\\
=007  cr\|||||||||||
=008  230321s2022\\\\sz\|||||o\\\\||||\||eng\\
=FMT  \\$a  BK
=040  \\$aVaAlCD$beng$cVaAlCD$dUk
=245  00$aCompendium of WHO and other UN guidance on health and environment /$cWorld Health Organization.
=264  \1$a[Switzerland] :$bWorld Health Organization,$c2022.
=300  \\$a1 online resource.
=336  \\$atext$2rdacontent
=337  \\$acomputer$2rdamedia
=338  \\$aonline resource$2rdacarrier
=653  \\$aAir Pollution
=653  \\$aClimate Change
=653  \\$aDrinking Water
=653  \\$aEnvironmental Health
=653  \\$aSanitation
=653  \\$aWaste Management
=653  \\$aair pollution
=653  \\$aclimate change
=653  \\$adrinking water
=653  \\$aenvironmental health
=653  \\$ageneva
=653  \\$aguideline
=653  \\$asanitation
=653  \\$awaste management
=710  2\$aWorld Health Organization.
=720  \\$aWorld Health Organization
=856  4\$uhttps://policycommons.net/artifacts/2391469/compendium-of-who-and-other-un-guidance-on-health-and-environment/3412905/$yWorld Health Organization document$ahttps://policycommons.net/
=859  \\$aORR$bWorld Health Organization
=884  \\$aLDL ebooks tsv to marcxml transformation using XSLTtest.xsl$g20230321$qUk
=CAT  \\$aBATCH-IGO$b00$c20230402$lBLL01$h2226
=CAT  \\$aBATCH-UPD$b00$c20230402$lBLL01$h2230
=FIN  \\$aY$d20230402
=SRC  \\$aCoherent Digital WHO$bWHOrecords20230329.lex
=LAS  \\$aBATCH-UPD$b00$c20230402$lBLL01$h2230

