=LDR  01773nam a22004213i 4500
=001  021013434
=003  Uk
=005  20230402222606.0
=006  m\\\\||\\d\|\\\\\\
=007  cr\|||||||||||
=008  230321s2022\\\\sz\|||||o\\\\||||\||eng\\
=FMT  \\$a  BK
=040  \\$aVaAlCD$beng$cVaAlCD$dUk
=245  00$aTủ An Toàn Sinh Học và Các Thiết Bị Ngăn Chặn Thứ Nhất Khác [‎Biological safety cabinets and other primary containment devices]‎ /$cWorld Health Organization. Regional Office for the Western Pacific.
=264  \1$a[Switzerland] :$bWorld Health Organization,$c2022.
=300  \\$a1 online resource.
=336  \\$atext$2rdacontent
=337  \\$acomputer$2rdamedia
=338  \\$aonline resource$2rdacarrier
=653  \\$aLaboratories
=653  \\$acontainment of biohazards
=653  \\$aequipment and supplies
=653  \\$ahandbook
=653  \\$alaboratories
=653  \\$alaboratory infection
=653  \\$amanila
=653  \\$amethods
=653  \\$astandards
=710  2\$aWorld Health Organization.
=720  \\$aWorld Health Organization. Regional Office for the Western Pacific
=856  4\$uhttps://policycommons.net/artifacts/2391505/tu-an-toan-sinh-hoc-va-cac-thiet-bi-ngan-chan-thu-nhat-khac-biological-safety-cabinets-and-other-primary-containment-devices/3412925/$yWorld Health Organization document$ahttps://policycommons.net/
=859  \\$aORR$bWorld Health Organization
=884  \\$aLDL ebooks tsv to marcxml transformation using XSLTtest.xsl$g20230321$qUk
=CAT  \\$aBATCH-IGO$b00$c20230402$lBLL01$h2226
=CAT  \\$aBATCH-UPD$b00$c20230402$lBLL01$h2230
=FIN  \\$aY$d20230402
=SRC  \\$aCoherent Digital WHO$bWHOrecords20230329.lex
=LAS  \\$aBATCH-UPD$b00$c20230402$lBLL01$h2230

