=LDR  03922nam a22004813i 4500
=001  021013437
=003  Uk
=005  20230402222606.0
=006  m\\\\||\\d\|\\\\\\
=007  cr\|||||||||||
=008  230321s2022\\\\sz\|||||o\\\\||||\||fre\\
=FMT  \\$a  BK
=040  \\$aVaAlCD$beng$cVaAlCD$dUk
=041  \\$afre
=245  00$aTransformer les prestations de services de santé essentiels pendant la pandémie de COVID-19 /$cErin Webb, Marie-Camille Lenormand, Nathalie Schneider, Sophie Augros, Dimitra Panteli, l'Observatoire européen des systèmes et politiques de santé.
=264  \1$a[Switzerland] :$bWorld Health Organization,$c2022.
=300  \\$a1 online resource.
=336  \\$atext$2rdacontent
=337  \\$acomputer$2rdamedia
=338  \\$aonline resource$2rdacarrier
=520  3\$aEn République tchèque, les systèmes de paiement pour incorporer de soins de santé afin qu'ils ne soient pas débordés face à l'afflux anticipé rendez-vous préventifs pour les adultes les services essentiels de COVID-19 et de patients atteints de la COVID-19. [...] La Suède a quant à elle connu 2. l'introduction de nouveaux parcours le report ou la déprogrammation de une baisse du pourcentage d'individus de soins pour aller à la rencontre traitements et l'allongement des listes bénéficiant de rendez-vous le jour même des patients, en particulier les plus d'attente (voir l'article de van Ginneken dans le cadre de soins de santé primaires, vulnérables, là où i [...] Pourtant, standard de médecin généraliste à 25 €. Ces consultations visaient à évaluer les tests de dépistage de la COVID-19 l'impact du confinement sur la santé des patients, à assurer la continuité de leurs n'ont pas forcément été remboursés soins et à discuter des mesures de protection qu'elles devaient adopter après le pendant chaque phase de la pandémie confinement, en fonction de leur maladi [...] En France, les conditions d'accès et de La loi norvégienne sur le contrôle des remboursement de la téléconsultation ont Nouveaux maladies transmissibles garantit la gratuité été assouplies pendant la crise sanitaire parcours des tests, des visites médicales et des pour éviter les ruptures de prise en charge, de soins traitements pour les maladies infectieuses avec des dispositions temporaires liée [...] Ces appels ont notamment permis de rappeler les avant mars 2020, mais cela a changé mesures de protection, d'encourager ces personnes à prendre des rendez-vous au cours de la première vague afin de médicaux lorsque cela était nécessaire et de répondre, grâce à des partenaires, à couvrir les consultations à distance pour des problèmes liés à la livraison de médicaments ou de courses alimentaires.
=653  \\$aCOVID-19
=653  \\$aHealth Services
=653  \\$acopenhague
=653  \\$acovid-19
=653  \\$adelivery of health care
=653  \\$ahealth services
=653  \\$ahealth systems plans
=700  1\$aWebb, Erin.
=700  1\$aLenormand, Marie-Camille.
=700  1\$aSchneider, Nathalie.
=700  1\$aAugros, Sophie.
=700  1\$aPanteli, Dimitra.
=710  2\$aWorld Health Organization.
=720  \\$al'Observatoire européen des systèmes et politiques de santé
=856  4\$uhttps://policycommons.net/artifacts/2198975/transformer-les-prestations-de-services-de-sante-essentiels-pendant-la-pandemie-de-covid-19/2955345/$yWorld Health Organization document$ahttps://policycommons.net/
=859  \\$aORR$bWorld Health Organization
=884  \\$aLDL ebooks tsv to marcxml transformation using XSLTtest.xsl$g20230321$qUk
=CAT  \\$aBATCH-IGO$b00$c20230402$lBLL01$h2226
=CAT  \\$aBATCH-UPD$b00$c20230402$lBLL01$h2230
=FIN  \\$aY$d20230402
=SRC  \\$aCoherent Digital WHO$bWHOrecords20230329.lex
=LAS  \\$aBATCH-UPD$b00$c20230402$lBLL01$h2230

