=LDR  01483nam a22003973i 4500
=001  021013438
=003  Uk
=005  20230402222606.0
=006  m\\\\||\\d\|\\\\\\
=007  cr\|||||||||||
=008  230321s2022\\\\sz\|||||o\\\\||||\||eng\\
=FMT  \\$a  BK
=040  \\$aVaAlCD$beng$cVaAlCD$dUk
=245  00$aCOVAX and equitable access to COVID-19 vaccines /$cKatelyn J. Yoo, Akriti Mehta, Joshua Mak, David Bishai, Collins Chansa, Bryan Patenaude.
=264  \1$a[Switzerland] :$bWorld Health Organization,$c2022.
=300  \\$a1 online resource.
=336  \\$atext$2rdacontent
=337  \\$acomputer$2rdamedia
=338  \\$aonline resource$2rdacarrier
=653  \\$aResearch
=653  \\$aresearch
=700  1\$aYoo, Katelyn J.
=700  1\$aMehta, Akriti.
=700  1\$aMak, Joshua.
=700  1\$aBishai, David.
=700  1\$aChansa, Collins.
=700  1\$aPatenaude, Bryan.
=710  2\$aWorld Health Organization.
=856  4\$uhttps://policycommons.net/artifacts/2392858/covax-and-equitable-access-to-covid-19-vaccines/3414368/$yWorld Health Organization document$ahttps://policycommons.net/
=859  \\$aORR$bWorld Health Organization
=884  \\$aLDL ebooks tsv to marcxml transformation using XSLTtest.xsl$g20230321$qUk
=CAT  \\$aBATCH-IGO$b00$c20230402$lBLL01$h2226
=CAT  \\$aBATCH-UPD$b00$c20230402$lBLL01$h2230
=FIN  \\$aY$d20230402
=SRC  \\$aCoherent Digital WHO$bWHOrecords20230329.lex
=LAS  \\$aBATCH-UPD$b00$c20230402$lBLL01$h2230

