=LDR  01618nam a22004093i 4500
=001  021013439
=003  Uk
=005  20230402222606.0
=006  m\\\\||\\d\|\\\\\\
=007  cr\|||||||||||
=008  230321s2022\\\\sz\|||||o\\\\||||\||eng\\
=FMT  \\$a  BK
=040  \\$aVaAlCD$beng$cVaAlCD$dUk
=245  00$aLinee guida globali OMS sulla qualità dell'aria: particolato (‎PM2,5 e PM10)‎, ozono, biossido di azoto, anidride solforosa e monossido di carbonio: sintesi /$cOrganizzazione Mondiale della Sanità.
=264  \1$a[Switzerland] :$bWorld Health Organization,$c2022.
=300  \\$a1 online resource.
=336  \\$atext$2rdacontent
=337  \\$acomputer$2rdamedia
=338  \\$aonline resource$2rdacarrier
=520  3\$a11 pp.
=653  \\$aAir Pollution
=653  \\$aParticulate Matter
=653  \\$aair pollution
=653  \\$acopenaghen
=653  \\$aenvironmental exposure
=653  \\$aguidelines as topic
=653  \\$aparticulate matter
=710  2\$aWorld Health Organization.
=720  \\$aOrganizzazione Mondiale della Sanità
=856  4\$uhttps://policycommons.net/artifacts/2392934/linee-guida-globali-oms-sulla-qualita-dellaria/3414388/$yWorld Health Organization document$ahttps://policycommons.net/
=859  \\$aORR$bWorld Health Organization
=884  \\$aLDL ebooks tsv to marcxml transformation using XSLTtest.xsl$g20230321$qUk
=CAT  \\$aBATCH-IGO$b00$c20230402$lBLL01$h2226
=CAT  \\$aBATCH-UPD$b00$c20230402$lBLL01$h2230
=FIN  \\$aY$d20230402
=SRC  \\$aCoherent Digital WHO$bWHOrecords20230329.lex
=LAS  \\$aBATCH-UPD$b00$c20230402$lBLL01$h2230

