=LDR  03439nam a22004573i 4500
=001  021013443
=003  Uk
=005  20230402222606.0
=006  m\\\\||\\d\|\\\\\\
=007  cr\|||||||||||
=008  230321s2022\\\\sz\|||||o\\\\||||\||fre\\
=FMT  \\$a  BK
=040  \\$aVaAlCD$beng$cVaAlCD$dUk
=041  \\$afre
=245  00$aEdito /$cKatia Julienne, Josep Figueras, l'Observatoire européen des systèmes et politiques de santé.
=264  \1$a[Switzerland] :$bWorld Health Organization,$c2022.
=300  \\$a1 online resource.
=336  \\$atext$2rdacontent
=337  \\$acomputer$2rdamedia
=338  \\$aonline resource$2rdacarrier
=520  3\$aPour autant, nous avons constaté qu'en travaillant Aux pics de la pandémie, les patients qui nécessitaient ensemble, en Europe et au niveau mondial, nous des soins critiques ont été principalement pris en pouvons nous soutenir et apprendre les uns des autres charge dans leur propre pays, mais Winklemann et ses pendant cette crise et au-delà, pour contribuer à la co-auteurs montrent qu'une coopérat [...] Dans ce numéro spécial d'Eurohealth, dont la L'Union européenne a joué un rôle important en publication coïncide avec le début de la présidence fournissant divers outils de soutien aux Etats, française du Conseil de l'Union européenne en facilitant ainsi le transfert des patients au-delà des janvier 2022, nous explorons ces thèmes - résilience, frontières (voir l'article de Wismar et ses collègues [...] Cela souligne les auteurs en tirent des enseignements pour améliorer l'importance de bien identifier et capitaliser sur la préparation face aux crises et renforcer la résilience les mesures permettant de renforcer les réponses des systèmes de santé de manière plus générale. [...] Webb et ses co- Ce numéro spécial a été préparé par l'Observatoire auteurs analysent la manière dont les systèmes de européen des systèmes et des politiques de santé et santé ont fait évoluer leur couverture santé, leurs la Direction générale de l'offre de soins du ministère parcours de soins et leur offre de soins primaires pour français des Solidarités et de la santé dans le cadre de assurer la [...] La transformation des la conférence sur 'La résilience des systèmes de santé services de santé passe aussi par des changements de l'Union au service de la coopération à l'échelle au niveau des personnels de soins.
=653  \\$aCOVID-19
=653  \\$aHealth Services
=653  \\$acopenhague
=653  \\$acovid-19
=653  \\$adelivery of health care
=653  \\$ahealth services
=653  \\$ahealth systems plans
=653  \\$ahealth workforce
=700  1\$aJulienne, Katia.
=700  1\$aFigueras, Josep.
=710  2\$aWorld Health Organization.
=720  \\$al'Observatoire européen des systèmes et politiques de santé
=856  4\$uhttps://policycommons.net/artifacts/2198981/edito/2955337/$yWorld Health Organization document$ahttps://policycommons.net/
=859  \\$aORR$bWorld Health Organization
=884  \\$aLDL ebooks tsv to marcxml transformation using XSLTtest.xsl$g20230321$qUk
=CAT  \\$aBATCH-IGO$b00$c20230402$lBLL01$h2226
=CAT  \\$aBATCH-UPD$b00$c20230402$lBLL01$h2230
=FIN  \\$aY$d20230402
=SRC  \\$aCoherent Digital WHO$bWHOrecords20230329.lex
=LAS  \\$aBATCH-UPD$b00$c20230402$lBLL01$h2230

