=LDR  01483nam a22003373i 4500
=001  021013444
=003  Uk
=005  20230402222606.0
=006  m\\\\||\\d\|\\\\\\
=007  cr\|||||||||||
=008  230321s2022\\\\sz\|||||o\\\\||||\||ger\\
=FMT  \\$a  BK
=040  \\$aVaAlCD$beng$cVaAlCD$dUk
=041  \\$ager
=245  00$aNeunundzwanzigster Ständiger Ausschuss des Regionalkomitees für Europa: Bericht über die zweite Tagung: virtuelle Tagung, 8. Dezember 2021 /$cNeunundzwanzigster Ständiger Ausschuss des Regionalkomitees für Europa.
=264  \1$a[Switzerland] :$bWorld Health Organization,$c2022.
=300  \\$a1 online resource.
=336  \\$atext$2rdacontent
=337  \\$acomputer$2rdamedia
=338  \\$aonline resource$2rdacarrier
=520  3\$a25 S.
=710  2\$aWorld Health Organization.
=720  \\$aNeunundzwanzigster Ständiger Ausschuss des Regionalkomitees für Europa
=856  4\$uhttps://policycommons.net/artifacts/2223354/neunundzwanzigster-standiger-ausschuss-des-regionalkomitees-fur-europa/2980786/$yWorld Health Organization document$ahttps://policycommons.net/
=859  \\$aORR$bWorld Health Organization
=884  \\$aLDL ebooks tsv to marcxml transformation using XSLTtest.xsl$g20230321$qUk
=CAT  \\$aBATCH-IGO$b00$c20230402$lBLL01$h2226
=CAT  \\$aBATCH-UPD$b00$c20230402$lBLL01$h2230
=FIN  \\$aY$d20230402
=SRC  \\$aCoherent Digital WHO$bWHOrecords20230329.lex
=LAS  \\$aBATCH-UPD$b00$c20230402$lBLL01$h2230

