=LDR  01699nam a22003973i 4500
=001  021013453
=003  Uk
=005  20230402222607.0
=006  m\\\\||\\d\|\\\\\\
=007  cr\|||||||||||
=008  230321s2022\\\\sz\|||||o\\\\||||\||fre\\
=FMT  \\$a  BK
=040  \\$aVaAlCD$beng$cVaAlCD$dUk
=041  \\$afre
=245  00$aGuide de la Journée internationale de la sécurité sanitaire des aliments 2022 : des aliments sûrs pour une meilleure santé /$cOrganisation mondiale de la Santé, Organisation des Nations Unies pour l'alimentation et l'agriculture.
=264  \1$a[Switzerland] :$bWorld Health Organization,$c2022.
=300  \\$a1 online resource.
=336  \\$atext$2rdacontent
=337  \\$acomputer$2rdamedia
=338  \\$aonline resource$2rdacarrier
=653  \\$aSustainable development
=653  \\$afoodborne diseases
=653  \\$afood safety
=653  \\$agenève
=653  \\$asustainable development
=710  2\$aWorld Health Organization.
=720  \\$aOrganisation mondiale de la Santé
=720  \\$aOrganisation des Nations Unies pour l'alimentation et l'agriculture
=856  4\$uhttps://policycommons.net/artifacts/2268372/guide-de-la-journee-internationale-de-la-securite-sanitaire-des-aliments-2022/3028170/$yWorld Health Organization document$ahttps://policycommons.net/
=859  \\$aORR$bWorld Health Organization
=884  \\$aLDL ebooks tsv to marcxml transformation using XSLTtest.xsl$g20230321$qUk
=CAT  \\$aBATCH-IGO$b00$c20230402$lBLL01$h2226
=CAT  \\$aBATCH-UPD$b00$c20230402$lBLL01$h2230
=FIN  \\$aY$d20230402
=SRC  \\$aCoherent Digital WHO$bWHOrecords20230329.lex
=LAS  \\$aBATCH-UPD$b00$c20230402$lBLL01$h2230

