=LDR  01632nam a22004213i 4500
=001  021013457
=003  Uk
=005  20230402222607.0
=006  m\\\\||\\d\|\\\\\\
=007  cr\|||||||||||
=008  230321s2022\\\\sz\|||||o\\\\||||\||ger\\
=FMT  \\$a  BK
=040  \\$aVaAlCD$beng$cVaAlCD$dUk
=041  \\$ager
=245  00$aEinundsiebzigste Tagung des Regionalkomitees für Europa: virtuelle Tagung, 13.-15. September 2021: Bericht über die 71. Tagung des WHO-Regionalkomitees für Europa /$c71. Tagung Regionalkomitee für Europa.
=264  \1$a[Switzerland] :$bWorld Health Organization,$c2022.
=300  \\$a1 online resource.
=336  \\$atext$2rdacontent
=337  \\$acomputer$2rdamedia
=338  \\$aonline resource$2rdacarrier
=520  3\$a141 S.
=653  \\$aEurope
=653  \\$aHealth Policy
=653  \\$aeurope
=653  \\$ahealth policy
=653  \\$ahealth priorities
=653  \\$akopenhagen
=653  \\$aregional health planning
=710  2\$aWorld Health Organization.
=720  \\$aRegionalkomitee für Europa, 71. Tagung
=856  4\$uhttps://policycommons.net/artifacts/2224912/einundsiebzigste-tagung-des-regionalkomitees-fur-europa/2982344/$yWorld Health Organization document$ahttps://policycommons.net/
=859  \\$aORR$bWorld Health Organization
=884  \\$aLDL ebooks tsv to marcxml transformation using XSLTtest.xsl$g20230321$qUk
=CAT  \\$aBATCH-IGO$b00$c20230402$lBLL01$h2226
=CAT  \\$aBATCH-UPD$b00$c20230402$lBLL01$h2230
=FIN  \\$aY$d20230402
=SRC  \\$aCoherent Digital WHO$bWHOrecords20230329.lex
=LAS  \\$aBATCH-UPD$b00$c20230402$lBLL01$h2230

