=LDR  01624nam a22004453i 4500
=001  021013465
=003  Uk
=005  20230402222607.0
=006  m\\\\||\\d\|\\\\\\
=007  cr\|||||||||||
=008  230321s2022\\\\sz\|||||o\\\\||||\||eng\\
=FMT  \\$a  BK
=040  \\$aVaAlCD$beng$cVaAlCD$dUk
=245  00$aEffectiveness of a helmet promotion campaign, China /$cPeishan Ning, Huiying Zong, Li Li, Peixia Cheng, David C. Schwebel, Yang Yang, Lei Yang, Youyou Wu, Min Zhao, Guoqing Hu.
=264  \1$a[Switzerland] :$bWorld Health Organization,$c2022.
=300  \\$a1 online resource.
=336  \\$atext$2rdacontent
=337  \\$acomputer$2rdamedia
=338  \\$aonline resource$2rdacarrier
=653  \\$aResearch
=653  \\$aresearch
=700  1\$aNing, Peishan.
=700  1\$aZong, Huiying.
=700  1\$aLi, Li.
=700  1\$aCheng, Peixia.
=700  1\$aSchwebel, David C.
=700  1\$aYang, Yang.
=700  1\$aYang, Lei.
=700  1\$aWu, Youyou.
=700  1\$aZhao, Min.
=700  1\$aHu, Guoqing.
=710  2\$aWorld Health Organization.
=856  4\$uhttps://policycommons.net/artifacts/2392859/effectiveness-of-a-helmet-promotion-campaign-china/3414260/$yWorld Health Organization document$ahttps://policycommons.net/
=859  \\$aORR$bWorld Health Organization
=884  \\$aLDL ebooks tsv to marcxml transformation using XSLTtest.xsl$g20230321$qUk
=CAT  \\$aBATCH-IGO$b00$c20230402$lBLL01$h2226
=CAT  \\$aBATCH-UPD$b00$c20230402$lBLL01$h2230
=FIN  \\$aY$d20230402
=SRC  \\$aCoherent Digital WHO$bWHOrecords20230329.lex
=LAS  \\$aBATCH-UPD$b00$c20230402$lBLL01$h2230

