=LDR  01898nam a22004573i 4500
=001  021013467
=003  Uk
=005  20230402222607.0
=006  m\\\\||\\d\|\\\\\\
=007  cr\|||||||||||
=008  230321s2022\\\\sz\|||||o\\\\||||\||eng\\
=FMT  \\$a  BK
=040  \\$aVaAlCD$beng$cVaAlCD$dUk
=245  00$aProspective cohort study of referred Malawian children and their survival by hypoxaemia and hypoglycaemia status /$cCarina King, Beatiwel Zadutsa, Lumbani Banda, Everlisto Phiri, Eric D. McCollum, Josephine Langton, Nicola Desmond, Shamim Ahmad Qazi, Yasir Bin Nisar, Charles Makwenda, Helena Hildenwall.
=264  \1$a[Switzerland] :$bWorld Health Organization,$c2022.
=300  \\$a1 online resource.
=336  \\$atext$2rdacontent
=337  \\$acomputer$2rdamedia
=338  \\$aonline resource$2rdacarrier
=653  \\$aResearch
=653  \\$aresearch
=700  1\$aKing, Carina.
=700  1\$aZadutsa, Beatiwel.
=700  1\$aBanda, Lumbani.
=700  1\$aPhiri, Everlisto.
=700  1\$aMcCollum, Eric D.
=700  1\$aLangton, Josephine.
=700  1\$aDesmond, Nicola.
=700  1\$aQazi, Shamim Ahmad.
=700  1\$aNisar, Yasir Bin.
=700  1\$aMakwenda, Charles.
=700  1\$aHildenwall, Helena.
=710  2\$aWorld Health Organization.
=856  4\$uhttps://policycommons.net/artifacts/2392834/prospective-cohort-study-of-referred-malawian-children-and-their-survival-by-hypoxaemia-and-hypoglycaemia-status/3414251/$yWorld Health Organization document$ahttps://policycommons.net/
=859  \\$aORR$bWorld Health Organization
=884  \\$aLDL ebooks tsv to marcxml transformation using XSLTtest.xsl$g20230321$qUk
=CAT  \\$aBATCH-IGO$b00$c20230402$lBLL01$h2226
=CAT  \\$aBATCH-UPD$b00$c20230402$lBLL01$h2230
=FIN  \\$aY$d20230402
=SRC  \\$aCoherent Digital WHO$bWHOrecords20230329.lex
=LAS  \\$aBATCH-UPD$b00$c20230402$lBLL01$h2230

