=LDR  03603nam a22005413i 4500
=001  021013469
=003  Uk
=005  20230402222607.0
=006  m\\\\||\\d\|\\\\\\
=007  cr\|||||||||||
=008  230321s2022\\\\sz\|||||o\\\\||||\||fre\\
=FMT  \\$a  BK
=040  \\$aVaAlCD$beng$cVaAlCD$dUk
=041  \\$afre
=245  00$aTraverser la frontière pour bénéficier de soins de santé : créer de la valeur ajoutée au bénéfice des patients et des systèmes de santé /$cMatthias Wismar, Robert Touret, Jonathan Clottes, Gabrielle Dubois, Apolline Damez-Fontaine, Vincent Rouvet, Ewout van Ginneken, l'Observatoire européen des systèmes et des politiques de santé.
=264  \1$a[Switzerland] :$bWorld Health Organization,$c2022.
=300  \\$a1 online resource.
=336  \\$atext$2rdacontent
=337  \\$acomputer$2rdamedia
=338  \\$aonline resource$2rdacarrier
=520  3\$aLes soins de santé la directive 2011/24 sur l'application des transfrontaliers reposent sur divers cadres droits des patients en matière de soins de Eurohealth  -  Vol.28 .
=520  3\$a  N° 1 .
=520  3\$a  2022 58 Eurohealth 28(1) Union européenne de la santé, au sein de laquelle les pays de l'UE collaborent plus Encadré 1 : Le cadre juridique pour les soins de santé transfrontaliers  étroitement pour protéger la santé [...] Au-delà de la codification de la jurisprudence, la directive sur les droits des En ce qui concerne les soins de santé patients revêt une importance particulière pour le développement des soins de planifiés, les flux les plus importants se santé transfrontaliers, car elle contient des dispositions relatives à la « coopération sont produits de la France vers la Belgique, dans le domaine des soins de [...] Ces transferts étaient la directive sur les soins de santé transfrontalière entre l'Allemagne, la une mesure de dernier recours visant à transfrontaliers afin de déterminer France et la Suisse dans la région du aider les pays et les régions au bord de comment les règles fonctionnent Rhin supérieur. [...] La Commission disponibles en matière de soins de santé cas à des situations dans lesquelles les européenne procède à une évaluation transfrontaliers, y compris dans les lits de soins de courte durée, les lits de la directive sur les soins de santé régions frontalières.
=653  \\$aCOVID-19
=653  \\$aHealth Services
=653  \\$aPatients
=653  \\$acopenhague
=653  \\$acovid-19
=653  \\$ahealth services
=653  \\$ahealth systems plans
=653  \\$apatients
=700  1\$aWismar, Matthias.
=700  1\$aTouret, Robert.
=700  1\$aClottes, Jonathan.
=700  1\$aDubois, Gabrielle.
=700  1\$aDamez-Fontaine, Apolline.
=700  1\$aRouvet, Vincent.
=700  1\$avan Ginneken, Ewout.
=710  2\$aWorld Health Organization.
=720  \\$al'Observatoire européen des systèmes et des politiques de santé
=856  4\$uhttps://policycommons.net/artifacts/2198980/traverser-la-frontiere-pour-beneficier-de-soins-de-sante/2955339/$yWorld Health Organization document$ahttps://policycommons.net/
=859  \\$aORR$bWorld Health Organization
=884  \\$aLDL ebooks tsv to marcxml transformation using XSLTtest.xsl$g20230321$qUk
=CAT  \\$aBATCH-IGO$b00$c20230402$lBLL01$h2226
=CAT  \\$aBATCH-UPD$b00$c20230402$lBLL01$h2230
=FIN  \\$aY$d20230402
=SRC  \\$aCoherent Digital WHO$bWHOrecords20230329.lex
=LAS  \\$aBATCH-UPD$b00$c20230402$lBLL01$h2230

