=LDR  01933nam a22003613i 4500
=001  021013470
=003  Uk
=005  20230402222607.0
=006  m\\\\||\\d\|\\\\\\
=007  cr\|||||||||||
=008  230321s2022\\\\sz\|||||o\\\\||||\||eng\\
=FMT  \\$a  BK
=040  \\$aVaAlCD$beng$cVaAlCD$dUk
=245  00$aСпециальная сессия Европейского регионального комитета: виртуальная сессия, 10-11 мая 2022 г.: принятие решений и вопросы процедуры на специальной сессии Европейского регионального комитета ВОЗ, проводимой в виртуальном формате: практическое руководство /$cспециальная сессия Европейский региональный комитет.
=264  \1$a[Switzerland] :$bWorld Health Organization,$c2022.
=300  \\$a1 online resource.
=336  \\$atext$2rdacontent
=337  \\$acomputer$2rdamedia
=338  \\$aonline resource$2rdacarrier
=520  3\$a5 с.
=653  \\$adecision making
=653  \\$aguideline
=653  \\$aкопенгаген
=710  2\$aWorld Health Organization.
=720  \\$aЕвропейский региональный комитет, специальная сессия
=856  4\$uhttps://policycommons.net/artifacts/2414004/spetsialnaia-sessiia-evropeiskogo-regionalnogo-komiteta/3435501/$yWorld Health Organization document$ahttps://policycommons.net/
=859  \\$aORR$bWorld Health Organization
=884  \\$aLDL ebooks tsv to marcxml transformation using XSLTtest.xsl$g20230321$qUk
=CAT  \\$aBATCH-IGO$b00$c20230402$lBLL01$h2226
=CAT  \\$aBATCH-UPD$b00$c20230402$lBLL01$h2230
=FIN  \\$aY$d20230402
=SRC  \\$aCoherent Digital WHO$bWHOrecords20230329.lex
=LAS  \\$aBATCH-UPD$b00$c20230402$lBLL01$h2230

