=LDR  03777nam a22004453i 4500
=001  021013476
=003  Uk
=005  20230402222607.0
=006  m\\\\||\\d\|\\\\\\
=007  cr\|||||||||||
=008  230321s2022\\\\sz\|||||o\\\\||||\||fre\\
=FMT  \\$a  BK
=040  \\$aVaAlCD$beng$cVaAlCD$dUk
=041  \\$afre
=245  03$aLe soutien de l'Union européenne aux systèmes de santé durant la pandémie et au-delà /$cNicole Mauer, Dimitra Panteli, Nick Fahy, Isabel De La Mata, l'Observatoire européen des systèmes et des politiques de santé.
=264  \1$a[Switzerland] :$bWorld Health Organization,$c2022.
=300  \\$a1 online resource.
=336  \\$atext$2rdacontent
=337  \\$acomputer$2rdamedia
=338  \\$aonline resource$2rdacarrier
=520  3\$aLes outils européens fonctionnent selon pertinents dans le bulletin politique « Le les cycles politiques et financiers des soutien européen pour l'amélioration de la Dans la, les instruments de l'UE institutions de l'UE, qui se renouvellent Figure 1 santé et des systèmes de soin »). [...] Malgré une mise professionnels de santé, le transport des nationales et des mesures de coordination en place prompte de ces mécanismes de patients à travers les frontières, et dans via le Système d'alerte précoce et de coordination, les intérêts nationaux ont l'approvisionnement et la mobilisation réaction (Early Warning and Response pris le pas sur les politiques des États conjoints de ressources [...] Elle a pour objectif H1N1, et un nombre suffisant de doses médicaments (AEM) ont contribué d'atténuer les conséquences économiques de vaccin pour toute la population de à la réponse face à la COVID-19 à et sociales de la COVID-19 et de fournir l'UE par les contrats d'achat anticipés l'échelle de l'UE en tant que vecteurs de aux pays les moyens financiers pour financés au moyen de l'instrument d'ai [...] Il à 5 milliards d'euros, et a présenté la cohésion et les territoires de l'Europe) a été est chargé de la coordination des étapes réactivité de la réponse face aux crises introduit, avec de - nouveaux fonds dédiés réglementaires pour développer, autoriser comme l'un de ses investissements à combler la période de transition entre et surveiller la sécurité des nouveaux prioritaires. [...] Tout au long de la Les efforts du groupe de travail ont En plus d'avoir augmenté de façon deuxième moitié de 2020, la Commission encouragé le développement parallèle et substantielle les budgets et l'étendue européenne a mis en place le bureau l'introduction de plusieurs vaccins contre des outils existants, la Commission central COVID-19 pour les équipements la COVID-19 sur le marché européen.
=653  \\$aCOVID-19
=653  \\$acopenhague
=653  \\$acovid-19
=653  \\$aeuropean union
=653  \\$ahealth systems plans
=700  1\$aMauer, Nicole.
=700  1\$aPanteli, Dimitra.
=700  1\$aFahy, Nick.
=700  1\$aDe La Mata, Isabel.
=710  2\$aWorld Health Organization.
=720  \\$al'Observatoire européen des systèmes et des politiques de santé
=856  4\$uhttps://policycommons.net/artifacts/2198966/le-soutien-de-lunion-europeenne-aux-systemes-de-sante-durant-la-pandemie-et-au-dela/2955326/$yWorld Health Organization document$ahttps://policycommons.net/
=859  \\$aORR$bWorld Health Organization
=884  \\$aLDL ebooks tsv to marcxml transformation using XSLTtest.xsl$g20230321$qUk
=CAT  \\$aBATCH-IGO$b00$c20230402$lBLL01$h2226
=CAT  \\$aBATCH-UPD$b00$c20230402$lBLL01$h2230
=FIN  \\$aY$d20230402
=SRC  \\$aCoherent Digital WHO$bWHOrecords20230329.lex
=LAS  \\$aBATCH-UPD$b00$c20230402$lBLL01$h2230

