=LDR  01689nam a22004453i 4500
=001  021013482
=003  Uk
=005  20230402222607.0
=006  m\\\\||\\d\|\\\\\\
=007  cr\|||||||||||
=008  230321s2022\\\\sz\|||||o\\\\||||\||por\\
=FMT  \\$a  BK
=040  \\$aVaAlCD$beng$cVaAlCD$dUk
=041  \\$apor
=245  00$aPromover a actividade física na Região Africana /$cOrganização Mundial da Saúde. Escritório Regional para a África.
=264  \1$a[Switzerland] :$bWorld Health Organization,$c2022.
=300  \\$a1 online resource.
=336  \\$atext$2rdacontent
=337  \\$acomputer$2rdamedia
=338  \\$aonline resource$2rdacarrier
=653  \\$aExercise
=653  \\$aSustainable development
=653  \\$abrazzaville
=653  \\$aexercise
=653  \\$ahealth promotion
=653  \\$ahealthy people programs
=653  \\$anoncommunicable diseases
=653  \\$aprevention and control
=653  \\$asedentary behavior
=653  \\$asustainable development
=710  2\$aWorld Health Organization.
=720  \\$aOrganização Mundial da Saúde. Escritório Regional para a África
=856  4\$uhttps://policycommons.net/artifacts/2275027/promover-a-actividade-fisica-na-regiao-africana/3035006/$yWorld Health Organization document$ahttps://policycommons.net/
=859  \\$aORR$bWorld Health Organization
=884  \\$aLDL ebooks tsv to marcxml transformation using XSLTtest.xsl$g20230321$qUk
=CAT  \\$aBATCH-IGO$b00$c20230402$lBLL01$h2226
=CAT  \\$aBATCH-UPD$b00$c20230402$lBLL01$h2230
=FIN  \\$aY$d20230402
=SRC  \\$aCoherent Digital WHO$bWHOrecords20230329.lex
=LAS  \\$aBATCH-UPD$b00$c20230402$lBLL01$h2230

