=LDR  03047nam a22004333i 4500
=001  021013483
=003  Uk
=005  20230402222607.0
=006  m\\\\||\\d\|\\\\\\
=007  cr\|||||||||||
=008  230321s2022\\\\sz\|||||o\\\\||||\||fre\\
=FMT  \\$a  BK
=040  \\$aVaAlCD$beng$cVaAlCD$dUk
=041  \\$afre
=245  00$aRapport sur la santé en Europe 2021 : faits marquants. Le point sur les objectifs de développement durable liés à la santé à l'ère de la COVID-19, particulièrement sur la volonté de ne laisser personne de côté /$cOrganisation mondiale de la Santé. Bureau régional de l'Europe.
=264  \1$a[Switzerland] :$bWorld Health Organization,$c2022.
=300  \\$a1 online resource.
=336  \\$atext$2rdacontent
=337  \\$acomputer$2rdamedia
=338  \\$aonline resource$2rdacarrier
=520  3\$aProduit tous les trois ans, le Rapport sur la santé en Europe est une publication phare du Bureau régional de l'OMS pour l'Europe. L'édition 2021 entend apporter un éclairage sur les progrès accomplis dans la Région vers la réalisation des objectifs de développement durable liés à la santé, et sur les effets de la pandémie de COVID-19 sur la santé de la population, mettant de ce fait l'accent sur les inégalités de santé et l'influence que la pandémie a sur elles. Par ailleurs, le Rapport décrit comment le Bureau régional, par la mise en œuvre du Programme de travail européen 2020-2025, s'efforce d'aider les États membres à faire face aux difficultés majeures de la Région et à reconstruire en mieux après la pandémie. De forts systèmes d'information sanitaire étant une importante condition préalable à ces efforts, le Rapport explique comment l'OMS aidera tous les États membres à combler les principales lacunes en matière de données et d'informations qui entravent actuellement la mise en œuvre reposant sur des bases factuelles du Programme de travail européen, du Treizième Programme général de travail de l'OMS 2019-2023 et des objectifs de développement durable.
=653  \\$aHealth Policy
=653  \\$aSustainable development
=653  \\$acopenhague
=653  \\$ahealthcare disparities
=653  \\$ahealth inequities
=653  \\$ahealth policy
=653  \\$apopulation health
=653  \\$asustainable development
=710  2\$aWorld Health Organization.
=720  \\$aOrganisation mondiale de la Santé. Bureau régional de l'Europe
=856  4\$uhttps://policycommons.net/artifacts/2270997/rapport-sur-la-sante-en-europe-2021/3030810/$yWorld Health Organization document$ahttps://policycommons.net/
=859  \\$aORR$bWorld Health Organization
=884  \\$aLDL ebooks tsv to marcxml transformation using XSLTtest.xsl$g20230321$qUk
=CAT  \\$aBATCH-IGO$b00$c20230402$lBLL01$h2226
=CAT  \\$aBATCH-UPD$b00$c20230402$lBLL01$h2230
=FIN  \\$aY$d20230402
=SRC  \\$aCoherent Digital WHO$bWHOrecords20230329.lex
=LAS  \\$aBATCH-UPD$b00$c20230402$lBLL01$h2230

