=LDR  02261nam a22004093i 4500
=001  021013484
=003  Uk
=005  20230402222607.0
=006  m\\\\||\\d\|\\\\\\
=007  cr\|||||||||||
=008  230321s2022\\\\sz\|||||o\\\\||||\||eng\\
=FMT  \\$a  BK
=040  \\$aVaAlCD$beng$cVaAlCD$dUk
=245  00$aHuman resources for health in small countries: developing and sustaining postgraduate training: policy brief /$cWorld Health Organization. Regional Office for Europe.
=264  \1$a[Switzerland] :$bWorld Health Organization,$c2022.
=300  \\$a1 online resource.
=336  \\$atext$2rdacontent
=337  \\$acomputer$2rdamedia
=338  \\$aonline resource$2rdacarrier
=520  3\$aThis policy brief focuses on the challenges that small countries in the WHO European Region face and the opportunities they avail themselves of to develop and maintain postgraduate specialist training in the health sector. The brief reviews recent evidence on specialist and postgraduate training of the health workforce in small countries and illustrates examples of good practice to emulate and build on, as well as tools available to measure and ensure high standards of specialist training. It also highlights the need for small countries to participate in international collaboration and networking to be able to overcome challenges related to postgraduate specialist training over the longer term.
=653  \\$aEurope
=653  \\$aHealth Services
=653  \\$acopenhagen
=653  \\$aeurope
=653  \\$ahealth services
=653  \\$ahealth workforce
=653  \\$atraining support
=710  2\$aWorld Health Organization.
=720  \\$aWorld Health Organization. Regional Office for Europe
=856  4\$uhttps://policycommons.net/artifacts/2392959/human-resources-for-health-in-small-countries/3414488/$yWorld Health Organization document$ahttps://policycommons.net/
=859  \\$aORR$bWorld Health Organization
=884  \\$aLDL ebooks tsv to marcxml transformation using XSLTtest.xsl$g20230321$qUk
=CAT  \\$aBATCH-IGO$b00$c20230402$lBLL01$h2226
=CAT  \\$aBATCH-UPD$b00$c20230402$lBLL01$h2230
=FIN  \\$aY$d20230402
=SRC  \\$aCoherent Digital WHO$bWHOrecords20230329.lex
=LAS  \\$aBATCH-UPD$b00$c20230402$lBLL01$h2230

