=LDR  03402nam a22005173i 4500
=001  021182819
=003  Uk
=005  20230822113335.0
=006  m\\\\||\\d\|\\\\\\
=007  cr\|||||||||||
=008  230811s2023\\\\sz\|||||o\\\\||||\||eng\\
=FMT  \\$a  BK
=037  \\$bWHO
=040  \\$aVaAlCD$beng$cVaAlCD$dUk
=041  \\$aeng
=245  00$aBayesian spatial analysis of age differences and geographical variations in illicit-drug-related mortality in the Islamic Republic of Iran /$cMehran Rostami.
=264  \1$a[Switzerland] :$bWorld Health Organization,$c2023.
=300  \\$a1 online resource.
=336  \\$atext$2rdacontent
=337  \\$acomputer$2rdamedia
=338  \\$aonline resource$2rdacarrier
=520  3\$aBackground: Drug use disorders are significant social and public health concerns in the Islamic Republic of Iran.
=520  3\$ahowever, little is known about drug-related mortality. Aims: We quantified the spatial and age distribution of direct illicit-drug-related mortality in the Islamic Republic of Iran, to inform harm reduction policies and interventions. Methods: We modelled and mapped registered illicit-drug-related deaths from March 2016 to March 2017. Data were obtained from the Iranian Forensic Medicine Organization. Besag-York-Mollie models were fitted using Bayesian spatial analysis to estimate the relative risk of illicit-drug-related mortality across different provinces and age groups. Results: There were 2203 registered illicit-drug-related deaths during the study period, 1289 (‎58.5%)‎ occurred in people aged 20-39 years and among men (‎n = 2013.
=520  3\$a91.4%)‎. The overall relative risk (‎95% credible interval)‎ of illicit-drug-related mortality in the provinces of Hamadan (‎3.37.
=520  3\$a2.88-3.91)‎, Kermanshah (‎1.90.
=520  3\$a1.55-2.28)‎, Tehran (‎1.80.
=520  3\$a1.67-1.94)‎, Lorestan (‎1.71.
=520  3\$a1.37-2.09)‎, Isfahan (‎1.40.
=520  3\$a1.21-1.60)‎, and Razavi Khorasan (‎1.18.
=520  3\$a1.04-1.33)‎ was significantly higher than in the rest of the country. Conclusion: We found evidence of age differences and spatial variations in illicit-drug-related mortality across different provinces in the Islamic Republic of Iran. Our findings highlight the urgent need to revisit existing drug-use treatment and harm reduction policies and ensure that overdose prevention programmes are adequately available for different age groups and settings.
=653  \\$acairo
=653  \\$aillicit drugs
=653  \\$airan
=653  \\$amortality
=653  \\$anoncommunicable diseases
=653  \\$asubstance-related disorders
=700  1\$aMehran Rostami.
=710  2\$aWorld Health Organization.
=856  4\$uhttps://policycommons.net/artifacts/3450985/bayesian-spatial-analysis-of-age-differences-and-geographical-variations-in-illicit-drug-related-mortality-in-the-islamic-republic-of-iran/4251242/$yWorld Health Organization document$ahttps://policycommons.net/
=859  \\$aORR$bWorld Health Organization
=884  \\$aLDL ebooks tsv to marcxml transformation using XSLTtest.xsl$g20230811$qUk
=CAT  \\$aBATCH-IGO$b00$c20230822$lBLL01$h1133
=CAT  \\$aBATCH-UPD$b00$c20230822$lBLL01$h1134
=FIN  \\$aY$d20230822
=SRC  \\$aCoherent Digital WHO$bwhoJuly23.mrc
=LAS  \\$aBATCH-UPD$b00$c20230822$lBLL01$h1134

