=LDR  01598nam a22003973i 4500
=001  021182820
=003  Uk
=005  20230822113335.0
=006  m\\\\||\\d\|\\\\\\
=007  cr\|||||||||||
=008  230811s2023\\\\sz\|||||o\\\\||||\||eng\\
=FMT  \\$a  BK
=037  \\$bWHO
=040  \\$aVaAlCD$beng$cVaAlCD$dUk
=041  \\$aeng
=245  00$aAnalysis of the nature and contribution of innovative health financing mechanisms in the WHO African Region /$cRegional Office for Africa World Health Organization.
=264  \1$a[Switzerland] :$bWorld Health Organization,$c2023.
=300  \\$a1 online resource.
=336  \\$atext$2rdacontent
=337  \\$acomputer$2rdamedia
=338  \\$aonline resource$2rdacarrier
=520  3\$atabl.36 p.
=653  \\$abrazzaville
=653  \\$ahealthcare financing
=653  \\$ahealth care reform
=653  \\$aorganizational innovation
=710  2\$aWorld Health Organization.
=720  \\$aWorld Health Organization, Regional Office for Africa
=856  4\$uhttps://policycommons.net/artifacts/3494600/analysis-of-the-nature-and-contribution-of-innovative-health-financing-mechanisms-in-the-who-african-region/4295153/$yWorld Health Organization document$ahttps://policycommons.net/
=859  \\$aORR$bWorld Health Organization
=884  \\$aLDL ebooks tsv to marcxml transformation using XSLTtest.xsl$g20230811$qUk
=CAT  \\$aBATCH-IGO$b00$c20230822$lBLL01$h1133
=CAT  \\$aBATCH-UPD$b00$c20230822$lBLL01$h1134
=FIN  \\$aY$d20230822
=SRC  \\$aCoherent Digital WHO$bwhoJuly23.mrc
=LAS  \\$aBATCH-UPD$b00$c20230822$lBLL01$h1134

