=LDR  01568nam a22003733i 4500
=001  021182827
=003  Uk
=005  20230822113335.0
=006  m\\\\||\\d\|\\\\\\
=007  cr\|||||||||||
=008  230811s2023\\\\sz\|||||o\\\\||||\||eng\\
=FMT  \\$a  BK
=037  \\$bWHO
=040  \\$aVaAlCD$beng$cVaAlCD$dUk
=041  \\$aeng
=245  00$aStrengthening public health surveillance and risk assessment for health security threats in the WHO South-East Asia Region /$cWorld Health Organization. Regional Office for South-East Asia.
=264  \1$a[Switzerland] :$bWorld Health Organization,$c2023.
=300  \\$a1 online resource.
=336  \\$atext$2rdacontent
=337  \\$acomputer$2rdamedia
=338  \\$aonline resource$2rdacarrier
=653  \\$aRisk Assessment
=653  \\$anew delhi
=653  \\$arisk assessment
=710  2\$aWorld Health Organization.
=720  \\$aWorld Health Organization. Regional Office for South-East Asia
=856  4\$uhttps://policycommons.net/artifacts/3458073/strengthening-public-health-surveillance-and-risk-assessment-for-health-security-threats-in-the-who-south-east-asia-region/4258621/$yWorld Health Organization document$ahttps://policycommons.net/
=859  \\$aORR$bWorld Health Organization
=884  \\$aLDL ebooks tsv to marcxml transformation using XSLTtest.xsl$g20230811$qUk
=CAT  \\$aBATCH-IGO$b00$c20230822$lBLL01$h1133
=CAT  \\$aBATCH-UPD$b00$c20230822$lBLL01$h1134
=FIN  \\$aY$d20230822
=SRC  \\$aCoherent Digital WHO$bwhoJuly23.mrc
=LAS  \\$aBATCH-UPD$b00$c20230822$lBLL01$h1134

