=LDR  02847nam a22005773i 4500
=001  021182839
=003  Uk
=005  20230822113335.0
=006  m\\\\||\\d\|\\\\\\
=007  cr\|||||||||||
=008  230811s2023\\\\sz\|||||o\\\\||||\||eng\\
=FMT  \\$a  BK
=037  \\$bWHO
=040  \\$aVaAlCD$beng$cVaAlCD$dUk
=041  \\$aeng
=245  00$aProtecting health through ambient air quality management: a resource package for the WHO European Region /$cWorld Health Organization. Regional Office for Europe.
=264  \1$a[Switzerland] :$bWorld Health Organization,$c2023.
=300  \\$a1 online resource.
=336  \\$atext$2rdacontent
=337  \\$acomputer$2rdamedia
=338  \\$aonline resource$2rdacarrier
=520  3\$aThis resource package is intended to support the implementation of the WHO global air quality guidelines: particulate matter (‎PM2.5 and PM10)‎, ozone, nitrogen dioxide, sulfur dioxide and carbon monoxide in Member States of the WHO European Region. It compiles the existing resources developed mainly by WHO, other United Nations organizations and international organizations that are relevant to the different stages of air quality management. It includes resources and tools for developing air quality policies, standards and plans.
=520  3\$asource apportionment.
=520  3\$amonitoring and modelling air quality.
=520  3\$athe health impacts of air pollution.
=520  3\$aemission reductions.
=520  3\$acommunication and capacity-building.
=520  3\$aand training courses. The resource package is primarily aimed at policy-makers, public administrations, experts and stakeholders to facilitate the national and local uptake of the guidelines to protect humans from the adverse health effects of air pollution.
=653  \\$aAir Pollutants
=653  \\$aAir Pollution
=653  \\$aEnvironment
=653  \\$aStatistics
=653  \\$aadverse effects
=653  \\$aair pollutants
=653  \\$aair pollution
=653  \\$acopenhagen
=653  \\$aenvironment
=653  \\$alegislation and jurisprudence
=653  \\$aprevention and control
=653  \\$astatistics
=653  \\$aurban health
=710  2\$aWorld Health Organization.
=720  \\$aWorld Health Organization. Regional Office for Europe
=856  4\$uhttps://policycommons.net/artifacts/3529931/protecting-health-through-ambient-air-quality-management/4330839/$yWorld Health Organization document$ahttps://policycommons.net/
=859  \\$aORR$bWorld Health Organization
=884  \\$aLDL ebooks tsv to marcxml transformation using XSLTtest.xsl$g20230811$qUk
=CAT  \\$aBATCH-IGO$b00$c20230822$lBLL01$h1133
=CAT  \\$aBATCH-UPD$b00$c20230822$lBLL01$h1134
=FIN  \\$aY$d20230822
=SRC  \\$aCoherent Digital WHO$bwhoJuly23.mrc
=LAS  \\$aBATCH-UPD$b00$c20230822$lBLL01$h1134

