=LDR  03404nam a22005653i 4500
=001  021182845
=003  Uk
=005  20230822113335.0
=006  m\\\\||\\d\|\\\\\\
=007  cr\|||||||||||
=008  230811s2023\\\\sz\|||||o\\\\||||\||eng\\
=FMT  \\$a  BK
=037  \\$bWHO
=040  \\$aVaAlCD$beng$cVaAlCD$dUk
=041  \\$aeng
=245  00$aAcceptability of COVID-19 vaccination among healthcare workers in Sudan /$cAmna Khairy.
=264  \1$a[Switzerland] :$bWorld Health Organization,$c2023.
=300  \\$a1 online resource.
=336  \\$atext$2rdacontent
=337  \\$acomputer$2rdamedia
=338  \\$aonline resource$2rdacarrier
=520  3\$aIntroduction: Several studies have investigated COVID-19 vaccine acceptability and hesitancy, especially among healthcare workers (‎HCWs)‎. However, acceptability of the vaccine by HCWs in Sudan remains unclear. Aims: We investigated acceptability of the COVID-19 vaccine and its determinants among HCWs in Sudan. Methods: Using a semi-structured questionnaire, we conducted a web-based cross-sectional study of COVID-19 vaccine hesitancy and its associated determinants among healthcare workers in Sudan during March-April 2021. Results: A total of 576 HCWs responded to the survey. Mean age was 35 years. Females (‎53.3%)‎, medical doctors (‎55.4%)‎ and being located in Khartoum State (‎76.0%)‎ each accounted for more than half of the participants. Absolute refusal of the COVID-19 vaccine was expressed by 16.0% of the respondents. Males were more than twice as likely to accept the vaccine as females. Lower acceptability was statistically significantly associated with the nurses (‎OR = 0.35, 95% CI: 0.15-0.82, P &lt.
=520  3\$a0.001)‎, increased perceived harm from the vaccine (‎OR = 0.11, 95% CI: 0.05-0.23, P &lt.
=520  3\$a0.001)‎, lack of confidence in the source of the vaccine (‎OR = 0.16, 95% CI: 0.08-0.31, P &lt.
=520  3\$a0.001)‎ and lack of confidence in organizations or government sectors supervising the vaccination process (‎OR = 0.31, 95% CI: 0.17-0.58, P &lt.
=520  3\$a0.001)‎. Conclusion: This study highlights a moderate level of COVID-19 vaccine acceptability among HCWs in Sudan. Special consideration should be given to addressing vaccine hesitancy among female HCWs and nurses.
=653  \\$aCOVID-19
=653  \\$aSudan
=653  \\$aVaccination
=653  \\$abetacoronavirus
=653  \\$acairo
=653  \\$acoronavirus disease (‎covid-19)‎
=653  \\$acovid-19
=653  \\$acovid-19 vaccines
=653  \\$across-sectional studies
=653  \\$adisease outbreaks
=653  \\$ahealth personnel
=653  \\$aprevention & control
=653  \\$asudan
=653  \\$avaccination
=700  1\$aAmna Khairy.
=710  2\$aWorld Health Organization.
=856  4\$uhttps://policycommons.net/artifacts/4305842/acceptability-of-covid-19-vaccination-among-healthcare-workers-in-sudan/5115984/$yWorld Health Organization document$ahttps://policycommons.net/
=859  \\$aORR$bWorld Health Organization
=884  \\$aLDL ebooks tsv to marcxml transformation using XSLTtest.xsl$g20230811$qUk
=CAT  \\$aBATCH-IGO$b00$c20230822$lBLL01$h1133
=CAT  \\$aBATCH-UPD$b00$c20230822$lBLL01$h1134
=FIN  \\$aY$d20230822
=SRC  \\$aCoherent Digital WHO$bwhoJuly23.mrc
=LAS  \\$aBATCH-UPD$b00$c20230822$lBLL01$h1134

