=LDR  03772nam a22004453i 4500
=001  021182846
=003  Uk
=005  20230822113335.0
=006  m\\\\||\\d\|\\\\\\
=007  cr\|||||||||||
=008  230811s2023\\\\sz\|||||o\\\\||||\||eng\\
=FMT  \\$a  BK
=037  \\$bWHO
=040  \\$aVaAlCD$beng$cVaAlCD$dUk
=041  \\$aeng
=245  00$aFrance: health system review /$cEuropean Observatory on Health Systems and Policies.
=264  \1$a[Switzerland] :$bWorld Health Organization,$c2023.
=300  \\$a1 online resource.
=336  \\$atext$2rdacontent
=337  \\$acomputer$2rdamedia
=338  \\$aonline resource$2rdacarrier
=520  3\$aThis review of the French health system analyses recent developments in health organization and governance, financing, healthcare provision, recent reforms and health system performance.Overall health status continues to improve in France, although geographic and socioeconomic inequalities in life expectancy persist. The health system combines a social health insurance model with an important role fortax-based revenues to finance healthcare. The health system provides universal coverage, with a broad benefits basket, but cost-sharing is required for all essential services. Private complementary insurance to cover these costs results in very low average out-of-pocket payments, although there are concerns regarding solidarity, financial redistribution and efficiency in the health system. The macroeconomic context in the last couple of years in the country has been affected by the COVID-19 pandemic, which resulted in subsequent increases of total health expenditure in France in 2020 (‎3.7%)‎ and 2021 (‎9.8%)‎.Healthcare provision continues to be highly fragmented in France, with a segmented approach to care organization and funding across primary, secondary and long-term care. Recent reforms aim to strengthen primarycare by encouraging multidisciplinary group practices, while public health efforts over the last decade have focused on boosting prevention strategies and tackling lifestyle risk factors, such as smoking and obesity with limited success. Continued challenges include ensuring the sustainability of the health workforce, particularly to secure adequate numbers of health professionals in medically underserved areas, such as rural and less affluent communities, and improving working conditions, remuneration and career prospects, especially for nurses, to support retention. The COVID-19 pandemic has brought to light some structural weaknesses within the French health system, but it has also provided opportunities for improving its sustainability. There has been a notable shift in the will to give more room to decision-making at the local level, involving healthcare professionals, and to find new ways of funding healthcare providers to encourage care coordination and integration.
=653  \\$aFrance
=653  \\$acopenhagen
=653  \\$adelivery of health care
=653  \\$adelivery of health care, integrated
=653  \\$aevaluation studies as topic
=653  \\$afrance
=653  \\$ahealth care reform
=653  \\$ahealth systems plans
=710  2\$aWorld Health Organization.
=720  \\$aEuropean Observatory on Health Systems and Policies
=856  4\$uhttps://policycommons.net/artifacts/4450411/france/5247674/$yWorld Health Organization document$ahttps://policycommons.net/
=859  \\$aORR$bWorld Health Organization
=884  \\$aLDL ebooks tsv to marcxml transformation using XSLTtest.xsl$g20230811$qUk
=CAT  \\$aBATCH-IGO$b00$c20230822$lBLL01$h1133
=CAT  \\$aBATCH-UPD$b00$c20230822$lBLL01$h1134
=FIN  \\$aY$d20230822
=SRC  \\$aCoherent Digital WHO$bwhoJuly23.mrc
=LAS  \\$aBATCH-UPD$b00$c20230822$lBLL01$h1134

