=LDR  02824nam a22004453i 4500
=001  021182847
=003  Uk
=005  20230822113335.0
=006  m\\\\||\\d\|\\\\\\
=007  cr\|||||||||||
=008  230811s2023\\\\sz\|||||o\\\\||||\||eng\\
=FMT  \\$a  BK
=037  \\$bWHO
=040  \\$aVaAlCD$beng$cVaAlCD$dUk
=041  \\$aeng
=245  02$aA systematic review of frequency and geographic distribution of water-borne parasites in the Middle East and North Africa /$cSameh Abuseir.
=264  \1$a[Switzerland] :$bWorld Health Organization,$c2023.
=300  \\$a1 online resource.
=336  \\$atext$2rdacontent
=337  \\$acomputer$2rdamedia
=338  \\$aonline resource$2rdacarrier
=520  3\$aBackground: Water-borne parasitic infections are caused by pathogenic parasites found in water. These parasites are often not well-monitored or reported, therefore, there is an underestimation of their prevalence. Aims: We systemically reviewed the prevalence and epidemiology of water-borne diseases in the Middle East and North Africa (‎MENA)‎ Region, which has a population of about 490 million people distributed over 20 independent countries. Methods: Online scientific databases, mainly PubMed, ScienceDirect, Scopus, Google Scholar, and MEDLINE were searched for the main water-borne parasitic infections in MENA countries during 1990-2021. Results: The main parasitic infections were cryptosporidiosis, amoebiasis, giardiasis, schistosomiasis, and toxocariasis. Cryptosporidiosis was the most frequently reported. Most of the published data were from Egypt, the country with the highest population in MENA. Conclusions: Water-borne parasites are still endemic in many MENA countries, however, their incidence has reduced dramatically due to the control and eradication programmes in countries that could afford such programmes, some with external support and funding.
=653  \\$aCommunicable Diseases
=653  \\$aMiddle East
=653  \\$aafrica, northern
=653  \\$acairo
=653  \\$acommunicable diseases
=653  \\$acryptosporidiosis
=653  \\$amiddle east
=653  \\$aparasites
=700  1\$aSameh Abuseir.
=710  2\$aWorld Health Organization.
=856  4\$uhttps://policycommons.net/artifacts/3524517/a-systematic-review-of-frequency-and-geographic-distribution-of-water-borne-parasites-in-the-middle-east-and-north-africa/4325170/$yWorld Health Organization document$ahttps://policycommons.net/
=859  \\$aORR$bWorld Health Organization
=884  \\$aLDL ebooks tsv to marcxml transformation using XSLTtest.xsl$g20230811$qUk
=CAT  \\$aBATCH-IGO$b00$c20230822$lBLL01$h1133
=CAT  \\$aBATCH-UPD$b00$c20230822$lBLL01$h1134
=FIN  \\$aY$d20230822
=SRC  \\$aCoherent Digital WHO$bwhoJuly23.mrc
=LAS  \\$aBATCH-UPD$b00$c20230822$lBLL01$h1134

