=LDR  02541nam a22004813i 4500
=001  021182850
=003  Uk
=005  20230822113335.0
=006  m\\\\||\\d\|\\\\\\
=007  cr\|||||||||||
=008  230811s2023\\\\sz\|||||o\\\\||||\||eng\\
=FMT  \\$a  BK
=037  \\$bWHO
=040  \\$aVaAlCD$beng$cVaAlCD$dUk
=041  \\$aeng
=245  00$aAvailability and prices of essential medicines in Uzbekistan in 2021 /$cWorld Health Organization. Regional Office for Europe.
=264  \1$a[Switzerland] :$bWorld Health Organization,$c2023.
=300  \\$a1 online resource.
=336  \\$atext$2rdacontent
=337  \\$acomputer$2rdamedia
=338  \\$aonline resource$2rdacarrier
=520  3\$aAccess to medicines, vaccines and health products is an essential component of universal health coverage (‎UHC)‎. It represents one of the building blocks of a well functioning health system and is an essential determinant of better health outcomes at individual and population levels. To enable regular monitoring of indicators of patient access, WHO launched the price and availability monitoring mobile application (‎MedMon)‎ for essential medicines and health products in 2016. The tool has been piloted in more than 20 countries and enables rapid and inexpensive data collection and assessments of medicines and other health products in health facilities. This report presents results of a facility-based survey using MedMon and conducted in April and May 2021 on the availability and prices of essential medicines in community pharmacies in Uzbekistan.
=653  \\$aMedicine
=653  \\$aPharmacies
=653  \\$aUzbekistan
=653  \\$aasia, central
=653  \\$acopenhagen
=653  \\$adata collection
=653  \\$aeurope, eastern
=653  \\$amedicine
=653  \\$apharmacies
=653  \\$aprice list
=653  \\$auzbekistan
=710  2\$aWorld Health Organization.
=720  \\$aWorld Health Organization. Regional Office for Europe
=856  4\$uhttps://policycommons.net/artifacts/3443839/availability-and-prices-of-essential-medicines-in-uzbekistan-in-2021/4243912/$yWorld Health Organization document$ahttps://policycommons.net/
=859  \\$aORR$bWorld Health Organization
=884  \\$aLDL ebooks tsv to marcxml transformation using XSLTtest.xsl$g20230811$qUk
=CAT  \\$aBATCH-IGO$b00$c20230822$lBLL01$h1133
=CAT  \\$aBATCH-UPD$b00$c20230822$lBLL01$h1134
=FIN  \\$aY$d20230822
=SRC  \\$aCoherent Digital WHO$bwhoJuly23.mrc
=LAS  \\$aBATCH-UPD$b00$c20230822$lBLL01$h1134

