=LDR  02283nam a22004093i 4500
=001  021182865
=003  Uk
=005  20230822113335.0
=006  m\\\\||\\d\|\\\\\\
=007  cr\|||||||||||
=008  230811s2023\\\\sz\|||||o\\\\||||\||eng\\
=FMT  \\$a  BK
=037  \\$bWHO
=040  \\$aVaAlCD$beng$cVaAlCD$dUk
=041  \\$aeng
=245  00$aCommunicating with caregivers about the Human Papillomavirus vaccination: facilitator's guide /$cWorld Health Organization. Regional Office for Europe.
=264  \1$a[Switzerland] :$bWorld Health Organization,$c2023.
=300  \\$a1 online resource.
=336  \\$atext$2rdacontent
=337  \\$acomputer$2rdamedia
=338  \\$aonline resource$2rdacarrier
=520  3\$aThis guide is designed to accompany the training module, Communicating with caregivers about the Human Papillomavirus vaccination: a tool to build confidence in communication skills among health workers. It provides detailed explanations, resources, guidance and training activities to accompany the slides in the training module and support those implementing the training. It is intended for facilitators who will be conducting the training either in-person or online. Facilitators can use this guide to help them adapt the training content to their local context and facilitate discussion with training participants. Facilitators are encouraged to have this guide available to them as a tool during the training session.
=653  \\$acommunication
=653  \\$acopenhagen
=653  \\$ahealth workforce
=653  \\$ahuman papillomavirus 6
=653  \\$atraining support
=710  2\$aWorld Health Organization.
=720  \\$aWorld Health Organization. Regional Office for Europe
=856  4\$uhttps://policycommons.net/artifacts/3444509/communicating-with-caregivers-about-the-human-papillomavirus-vaccination/4244546/$yWorld Health Organization document$ahttps://policycommons.net/
=859  \\$aORR$bWorld Health Organization
=884  \\$aLDL ebooks tsv to marcxml transformation using XSLTtest.xsl$g20230811$qUk
=CAT  \\$aBATCH-IGO$b00$c20230822$lBLL01$h1133
=CAT  \\$aBATCH-UPD$b00$c20230822$lBLL01$h1134
=FIN  \\$aY$d20230822
=SRC  \\$aCoherent Digital WHO$bwhoJuly23.mrc
=LAS  \\$aBATCH-UPD$b00$c20230822$lBLL01$h1134

