=LDR  02444nam a22004453i 4500
=001  021182875
=003  Uk
=005  20230822113335.0
=006  m\\\\||\\d\|\\\\\\
=007  cr\|||||||||||
=008  230811s2023\\\\sz\|||||o\\\\||||\||eng\\
=FMT  \\$a  BK
=037  \\$bWHO
=040  \\$aVaAlCD$beng$cVaAlCD$dUk
=041  \\$aeng
=245  00$aWHO Ukraine Country Office COVID-19 response report 2020-2021 /$cWorld Health Organization. Regional Office for Europe.
=264  \1$a[Switzerland] :$bWorld Health Organization,$c2023.
=300  \\$a1 online resource.
=336  \\$atext$2rdacontent
=337  \\$acomputer$2rdamedia
=338  \\$aonline resource$2rdacarrier
=520  3\$aThe first case of COVID-19 was reported in Ukraine in March 2020. The Ukrainian Government led a nationwide response to combat the disease, engaging with a wide range of health partners. The WHO Country Office in Ukraine worked with the Government to help mobilize society and the entire health sector in the response. This report outlines WHO's contribution to this work, which provided assistance specific to COVID-19, while also supporting health reform and maintaining essential health services, including in conflict-affected areas in the east of the country. WHO supported national coordination, risk communication, vaccination and other health interventions under the 10 pillars of Ukraine's COVID-19 Country Preparedness and Response Plan. WHO continues to provide critical support on COVID-19 in Ukraine, at the time of Russian Federation invasion of Ukraine in 24 February 2022.
=653  \\$aCOVID-19
=653  \\$aEurope
=653  \\$aUkraine
=653  \\$acopenhagen
=653  \\$acovid-19
=653  \\$aemergencies
=653  \\$aeurope
=653  \\$aukraine
=710  2\$aWorld Health Organization.
=720  \\$aWorld Health Organization. Regional Office for Europe
=856  4\$uhttps://policycommons.net/artifacts/3442575/who-ukraine-country-office-covid-19-response-report-2020-2021/4242563/$yWorld Health Organization document$ahttps://policycommons.net/
=859  \\$aORR$bWorld Health Organization
=884  \\$aLDL ebooks tsv to marcxml transformation using XSLTtest.xsl$g20230811$qUk
=CAT  \\$aBATCH-IGO$b00$c20230822$lBLL01$h1133
=CAT  \\$aBATCH-UPD$b00$c20230822$lBLL01$h1134
=FIN  \\$aY$d20230822
=SRC  \\$aCoherent Digital WHO$bwhoJuly23.mrc
=LAS  \\$aBATCH-UPD$b00$c20230822$lBLL01$h1134

