=LDR  01570nam a22003733i 4500
=001  021182878
=003  Uk
=005  20230822113335.0
=006  m\\\\||\\d\|\\\\\\
=007  cr\|||||||||||
=008  230811s2023\\\\sz\|||||o\\\\||||\||eng\\
=FMT  \\$a  BK
=037  \\$bWHO
=040  \\$aVaAlCD$beng$cVaAlCD$dUk
=041  \\$aeng
=245  00$aThirtieth Standing Committee of the Regional Committee for Europe: Copenhagen, Denmark, 1-2 December 2022: report of the second session /$csecond session Thirtieth Standing Committee of the Regional Committee for Europe.
=264  \1$a[Switzerland] :$bWorld Health Organization,$c2023.
=300  \\$a1 online resource.
=336  \\$atext$2rdacontent
=337  \\$acomputer$2rdamedia
=338  \\$aonline resource$2rdacarrier
=520  3\$a26 p.
=653  \\$acopenhagen
=653  \\$aorganization and administration
=710  2\$aWorld Health Organization.
=720  \\$aThirtieth Standing Committee of the Regional Committee for Europe, second session
=856  4\$uhttps://policycommons.net/artifacts/3450665/thirtieth-standing-committee-of-the-regional-committee-for-europe/4250922/$yWorld Health Organization document$ahttps://policycommons.net/
=859  \\$aORR$bWorld Health Organization
=884  \\$aLDL ebooks tsv to marcxml transformation using XSLTtest.xsl$g20230811$qUk
=CAT  \\$aBATCH-IGO$b00$c20230822$lBLL01$h1133
=CAT  \\$aBATCH-UPD$b00$c20230822$lBLL01$h1134
=FIN  \\$aY$d20230822
=SRC  \\$aCoherent Digital WHO$bwhoJuly23.mrc
=LAS  \\$aBATCH-UPD$b00$c20230822$lBLL01$h1134

