=LDR  02161nam a22004453i 4500
=001  021182879
=003  Uk
=005  20230822113335.0
=006  m\\\\||\\d\|\\\\\\
=007  cr\|||||||||||
=008  230811s2023\\\\sz\|||||o\\\\||||\||eng\\
=FMT  \\$a  BK
=037  \\$bWHO
=040  \\$aVaAlCD$beng$cVaAlCD$dUk
=041  \\$aeng
=245  00$aStep Up! Tackling the Burden of Insufficient Physical Activity in Europe /$cOrganisation for Economic Co-operation and Development.
=264  \1$a[Switzerland] :$bWorld Health Organization,$c2023.
=300  \\$a1 online resource.
=336  \\$atext$2rdacontent
=337  \\$acomputer$2rdamedia
=338  \\$aonline resource$2rdacarrier
=520  3\$aBeing physically active is one of the most important things people can do to improve their physical andmental health. It prevents a range of non-communicable diseases, improves cognitive functioning andsleep quality, prevents falls, and reduces symptoms of depression and anxiety. Considering both theimpact of the COVID-19 restrictions on physical activity levels and the rising burden of non-communicablediseases and mental health conditions, increasing physical activity is now more important than ever.
=653  \\$aEurope
=653  \\$aExercise
=653  \\$acopenhagen
=653  \\$aeurope
=653  \\$aexercise
=653  \\$anoncommunicable diseases
=653  \\$aorganisation for economic co-operation and development
=653  \\$aworld health organization
=710  2\$aWorld Health Organization.
=720  \\$aOrganisation for Economic Co-operation and Development
=856  4\$uhttps://policycommons.net/artifacts/3454806/step-up-tackling-the-burden-of-insufficient-physical-activity-in-europe/4255121/$yWorld Health Organization document$ahttps://policycommons.net/
=859  \\$aORR$bWorld Health Organization
=884  \\$aLDL ebooks tsv to marcxml transformation using XSLTtest.xsl$g20230811$qUk
=CAT  \\$aBATCH-IGO$b00$c20230822$lBLL01$h1133
=CAT  \\$aBATCH-UPD$b00$c20230822$lBLL01$h1134
=FIN  \\$aY$d20230822
=SRC  \\$aCoherent Digital WHO$bwhoJuly23.mrc
=LAS  \\$aBATCH-UPD$b00$c20230822$lBLL01$h1134

