=LDR  02343nam a22004213i 4500
=001  021182883
=003  Uk
=005  20230822113335.0
=006  m\\\\||\\d\|\\\\\\
=007  cr\|||||||||||
=008  230811s2023\\\\sz\|||||o\\\\||||\||eng\\
=FMT  \\$a  BK
=037  \\$bWHO
=040  \\$aVaAlCD$beng$cVaAlCD$dUk
=041  \\$aeng
=245  00$aPrimary health care in Ukraine: progress review and way forward: assessment and data collection 2020-2021 /$cWorld Health Organization. Regional Office for Europe.
=264  \1$a[Switzerland] :$bWorld Health Organization,$c2023.
=300  \\$a1 online resource.
=336  \\$atext$2rdacontent
=337  \\$acomputer$2rdamedia
=338  \\$aonline resource$2rdacarrier
=520  3\$aThis report builds on assessment and data collected during 2020-2021. It does not reflect the effects of the conflict in Ukraine, which escalated into a war in February 2022. A WHO team of experts with knowledge in primary health care (‎PHC)‎ sector reform undertook a desk-based review of the Ukrainian PHC system before the war started in February 2022. The aims of the assessment were to provide a comprehensive overview of the current state of PHC in Ukraine, highlight key challenges and provide recommended actions and solutions on how to address and overcome them. The review also provides a potential contribution to dialogue on post-war recovery of the health sector. This report details review findings and suggests direct actions to develop the PHC model with enabling strategies.
=653  \\$aPrimary Health Care
=653  \\$aUkraine
=653  \\$acopenhagen
=653  \\$apatient care
=653  \\$aprimary health care
=653  \\$aukraine
=710  2\$aWorld Health Organization.
=720  \\$aWorld Health Organization. Regional Office for Europe
=856  4\$uhttps://policycommons.net/artifacts/3496080/primary-health-care-in-ukraine/4296674/$yWorld Health Organization document$ahttps://policycommons.net/
=859  \\$aORR$bWorld Health Organization
=884  \\$aLDL ebooks tsv to marcxml transformation using XSLTtest.xsl$g20230811$qUk
=CAT  \\$aBATCH-IGO$b00$c20230822$lBLL01$h1133
=CAT  \\$aBATCH-UPD$b00$c20230822$lBLL01$h1134
=FIN  \\$aY$d20230822
=SRC  \\$aCoherent Digital WHO$bwhoJuly23.mrc
=LAS  \\$aBATCH-UPD$b00$c20230822$lBLL01$h1134

