=LDR  03347nam a22004813i 4500
=001  021182892
=003  Uk
=005  20230822113336.0
=006  m\\\\||\\d\|\\\\\\
=007  cr\|||||||||||
=008  230811s2023\\\\sz\|||||o\\\\||||\||eng\\
=FMT  \\$a  BK
=037  \\$bWHO
=040  \\$aVaAlCD$beng$cVaAlCD$dUk
=041  \\$aeng
=245  02$aA population-based study of obesity and its complications in southern Islamic Republic of Iran /$cHamed Karami.
=264  \1$a[Switzerland] :$bWorld Health Organization,$c2023.
=300  \\$a1 online resource.
=336  \\$atext$2rdacontent
=337  \\$acomputer$2rdamedia
=338  \\$aonline resource$2rdacarrier
=520  3\$aBackground: General and central obesity are important risk factors for chronic diseases and health-related outcomes. Aims: We determined the prevalence of obesity and related complications among individuals aged 40-70 years in Kherameh, southern Islamic Republic of Iran. Methods: This cross-sectional study included 10 663 people aged 40-70 years who participated in the first phase of the Kherameh cohort study. Data were collected on demographic characteristics, history of chronic diseases, family history of diseases, and various clinical measures. We used multiple logistic regression analysis to establish the relationships between general and central obesity, and related complications. Results: Of the 10 663 participants, 17.9% had general obesity and 73.5% had central obesity. In people with general obesity, the odds of having the non-alcoholic fatty liver disease and cardiovascular disease were 3.10 times and 1.27 times higher than in individuals with normal weight, respectively. People with central obesity had higher odds of having other components of metabolic syndrome such as hypertension (‎OR: 2.87.
=520  3\$a95% CI: 2.53-3.26)‎, high triglyceride levels (‎OR: 1.71.
=520  3\$a95% CI: 1.54-1.89)‎, and low high-density lipoprotein cholesterol levels (‎OR: 1.53.
=520  3\$a95% CI: 1.37-1.71)‎ than those without central obesity. Conclusions: The study showed a high prevalence of general and central obesity and health-related effects, and its association with several comorbidities. Given the level of obesity-related complications found, primary and secondary prevention interventions are needed. The results may help health policymakers establish effective interventions to control obesity and related complications.
=653  \\$aEpidemiology
=653  \\$aObesity
=653  \\$acairo
=653  \\$aepidemiology
=653  \\$airan
=653  \\$anoncommunicable diseases
=653  \\$aobesity
=653  \\$aobesity, abdominal
=700  1\$aHamed Karami.
=710  2\$aWorld Health Organization.
=856  4\$uhttps://policycommons.net/artifacts/3524519/a-population-based-study-of-obesity-and-its-complications-in-southern-islamic-republic-of-iran/4325168/$yWorld Health Organization document$ahttps://policycommons.net/
=859  \\$aORR$bWorld Health Organization
=884  \\$aLDL ebooks tsv to marcxml transformation using XSLTtest.xsl$g20230811$qUk
=CAT  \\$aBATCH-IGO$b00$c20230822$lBLL01$h1133
=CAT  \\$aBATCH-UPD$b00$c20230822$lBLL01$h1134
=FIN  \\$aY$d20230822
=SRC  \\$aCoherent Digital WHO$bwhoJuly23.mrc
=LAS  \\$aBATCH-UPD$b00$c20230822$lBLL01$h1134

