=LDR  02412nam a22004213i 4500
=001  021182893
=003  Uk
=005  20230822113336.0
=006  m\\\\||\\d\|\\\\\\
=007  cr\|||||||||||
=008  230811s2023\\\\sz\|||||o\\\\||||\||eng\\
=FMT  \\$a  BK
=037  \\$bWHO
=040  \\$aVaAlCD$beng$cVaAlCD$dUk
=041  \\$aeng
=245  00$aRegional technical meeting on integrated care delivery. Report: virtual meeting, 8 December 2022 /$cWorld Health Organization. Regional Office for Europe.
=264  \1$a[Switzerland] :$bWorld Health Organization,$c2023.
=300  \\$a1 online resource.
=336  \\$atext$2rdacontent
=337  \\$acomputer$2rdamedia
=338  \\$aonline resource$2rdacarrier
=520  3\$aThis report summarizes the discussion that took place during the Regional technical meeting on integrated care delivery. It represents a continuation of the discussion held as part of the Regional technical meeting on strengthening the integrated delivery of long-term care in the European region, in December 2021, bringing an expanded focus on integration as a transversal issue for health and long-term care systems and an important stepping stone for achieving universal health coverage. Participants discussed and shared evidence and lessons learned on the principles, the practice, the enablers and on-going challenges to improving coordination within and across health and long-term care systems, with particular attention to integration of primary care and community-based long-term care services.
=653  \\$aInternational Cooperation
=653  \\$acopenhagen
=653  \\$adelivery of health care
=653  \\$ahealth care sector
=653  \\$ainternational cooperation
=653  \\$along-term care
=710  2\$aWorld Health Organization.
=720  \\$aWorld Health Organization. Regional Office for Europe
=856  4\$uhttps://policycommons.net/artifacts/3529928/regional-technical-meeting-on-integrated-care-delivery-report/4330840/$yWorld Health Organization document$ahttps://policycommons.net/
=859  \\$aORR$bWorld Health Organization
=884  \\$aLDL ebooks tsv to marcxml transformation using XSLTtest.xsl$g20230811$qUk
=CAT  \\$aBATCH-IGO$b00$c20230822$lBLL01$h1133
=CAT  \\$aBATCH-UPD$b00$c20230822$lBLL01$h1134
=FIN  \\$aY$d20230822
=SRC  \\$aCoherent Digital WHO$bwhoJuly23.mrc
=LAS  \\$aBATCH-UPD$b00$c20230822$lBLL01$h1134

