=LDR  02155nam a22005773i 4500
=001  021182896
=003  Uk
=005  20230822113336.0
=006  m\\\\||\\d\|\\\\\\
=007  cr\|||||||||||
=008  230811s2023\\\\sz\|||||o\\\\||||\||eng\\
=FMT  \\$a  BK
=037  \\$bWHO
=040  \\$aVaAlCD$beng$cVaAlCD$dUk
=041  \\$aeng
=245  00$aReport on the WHO/UNICEF joint meeting on interim priorities for the health sector in Afghanistan, Doha, Qatar, 29-31 March 2022 /$cWorld Health Organization. Regional Office for the Eastern Mediterranean.
=264  \1$a[Switzerland] :$bWorld Health Organization,$c2023.
=300  \\$a1 online resource.
=336  \\$atext$2rdacontent
=337  \\$acomputer$2rdamedia
=338  \\$aonline resource$2rdacarrier
=520  3\$a41 p.
=653  \\$aAfghanistan
=653  \\$aCOVID-19
=653  \\$aHealth Services
=653  \\$aafghanistan
=653  \\$abetacoronavirus
=653  \\$acairo
=653  \\$acommunity health services
=653  \\$acovid-19
=653  \\$adisease outbreaks
=653  \\$adrugs, essential
=653  \\$ahealthcare financing
=653  \\$ahealth care sector
=653  \\$ahealth information management
=653  \\$ahealth priorities
=653  \\$ahealth systems
=653  \\$ahealth workforce
=653  \\$amaternal-child health services
=653  \\$anutritional status
=653  \\$arelief work
=710  2\$aWorld Health Organization.
=720  \\$aWorld Health Organization. Regional Office for the Eastern Mediterranean
=856  4\$uhttps://policycommons.net/artifacts/3458070/report-on-the-whounicef-joint-meeting-on-interim-priorities-for-the-health-sector-in-afghanistan-doha-qatar-29-31-march-2022/4258622/$yWorld Health Organization document$ahttps://policycommons.net/
=859  \\$aORR$bWorld Health Organization
=884  \\$aLDL ebooks tsv to marcxml transformation using XSLTtest.xsl$g20230811$qUk
=CAT  \\$aBATCH-IGO$b00$c20230822$lBLL01$h1133
=CAT  \\$aBATCH-UPD$b00$c20230822$lBLL01$h1134
=FIN  \\$aY$d20230822
=SRC  \\$aCoherent Digital WHO$bwhoJuly23.mrc
=LAS  \\$aBATCH-UPD$b00$c20230822$lBLL01$h1134

