=LDR  01494nam a22004333i 4500
=001  021182903
=003  Uk
=005  20230822113336.0
=006  m\\\\||\\d\|\\\\\\
=007  cr\|||||||||||
=008  230811s2023\\\\sz\|||||o\\\\||||\||eng\\
=FMT  \\$a  BK
=037  \\$bWHO
=040  \\$aVaAlCD$beng$cVaAlCD$dUk
=041  \\$aeng
=245  00$aTracking urban health policies: a conceptual framework with special focus on air pollution in African cities /$cPierpaolo Mudu.
=264  \1$a[Switzerland] :$bWorld Health Organization,$c2023.
=300  \\$a1 online resource.
=336  \\$atext$2rdacontent
=337  \\$acomputer$2rdamedia
=338  \\$aonline resource$2rdacarrier
=520  3\$aviii, 69 p.
=653  \\$aAfrica
=653  \\$aAir Pollution
=653  \\$aafrica
=653  \\$aair pollution
=653  \\$ageneva
=653  \\$apolicy making
=653  \\$aurban health
=700  1\$aMudu, Pierpaolo.
=710  2\$aWorld Health Organization.
=856  4\$uhttps://policycommons.net/artifacts/3496084/tracking-urban-health-policies/4296670/$yWorld Health Organization document$ahttps://policycommons.net/
=859  \\$aORR$bWorld Health Organization
=884  \\$aLDL ebooks tsv to marcxml transformation using XSLTtest.xsl$g20230811$qUk
=CAT  \\$aBATCH-IGO$b00$c20230822$lBLL01$h1133
=CAT  \\$aBATCH-UPD$b00$c20230822$lBLL01$h1134
=FIN  \\$aY$d20230822
=SRC  \\$aCoherent Digital WHO$bwhoJuly23.mrc
=LAS  \\$aBATCH-UPD$b00$c20230822$lBLL01$h1134

