=LDR  01945nam a22004933i 4500
=001  021182908
=003  Uk
=005  20230822113336.0
=006  m\\\\||\\d\|\\\\\\
=007  cr\|||||||||||
=008  230811s2023\\\\sz\|||||o\\\\||||\||eng\\
=FMT  \\$a  BK
=037  \\$bWHO
=040  \\$aVaAlCD$beng$cVaAlCD$dUk
=041  \\$aeng
=245  00$aWHO thematic platform for health emergency and disaster risk management research network: report of the fourth core group meeting 'Promote global collaboration for effective knowledge sharing', online meeting, 27 October 2022 /$cWorld Health Organization. Centre for Health Development.
=264  \1$a[Switzerland] :$bWorld Health Organization,$c2023.
=300  \\$a1 online resource.
=336  \\$atext$2rdacontent
=337  \\$acomputer$2rdamedia
=338  \\$aonline resource$2rdacarrier
=520  3\$a13 p.
=653  \\$aInternational Cooperation
=653  \\$aNatural Disasters
=653  \\$aRisk Management
=653  \\$adisaster planning
=653  \\$adisasters
=653  \\$aemergencies
=653  \\$ageneva
=653  \\$ainternational cooperation
=653  \\$aknowledge
=653  \\$amedical informatics
=653  \\$ameeting abstract
=653  \\$arisk management
=710  2\$aWorld Health Organization.
=720  \\$aWorld Health Organization. Centre for Health Development
=856  4\$uhttps://policycommons.net/artifacts/3494608/who-thematic-platform-for-health-emergency-and-disaster-risk-management-research-network/4295150/$yWorld Health Organization document$ahttps://policycommons.net/
=859  \\$aORR$bWorld Health Organization
=884  \\$aLDL ebooks tsv to marcxml transformation using XSLTtest.xsl$g20230811$qUk
=CAT  \\$aBATCH-IGO$b00$c20230822$lBLL01$h1133
=CAT  \\$aBATCH-UPD$b00$c20230822$lBLL01$h1134
=FIN  \\$aY$d20230822
=SRC  \\$aCoherent Digital WHO$bwhoJuly23.mrc
=LAS  \\$aBATCH-UPD$b00$c20230822$lBLL01$h1134

