=LDR  02948nam a22005053i 4500
=001  021182909
=003  Uk
=005  20230822113336.0
=006  m\\\\||\\d\|\\\\\\
=007  cr\|||||||||||
=008  230811s2023\\\\sz\|||||o\\\\||||\||eng\\
=FMT  \\$a  BK
=037  \\$bWHO
=040  \\$aVaAlCD$beng$cVaAlCD$dUk
=041  \\$aeng
=245  00$aIncidence of incidental positron emission tomography and computed tomography signs of COVID-19 in asymptomatic cancer patients in Egypt /$cMostafa Abdel-Kawi.
=264  \1$a[Switzerland] :$bWorld Health Organization,$c2023.
=300  \\$a1 online resource.
=336  \\$atext$2rdacontent
=337  \\$acomputer$2rdamedia
=338  \\$aonline resource$2rdacarrier
=520  3\$aBackground: COVID-19 was first reported in Egypt on 14 February 2020 and continues to be a major threat to public health. Aims: We studied the incidence of incidental positron emission tomography/computed tomography (‎PET/CT)‎ signs of COVID-19 in asymptomatic cancer patients and compared this with the number of reported COVID-19 cases during the same period. Methods: We included all cancer patients who underwent PET/CT at Misr Radiology Center, Cairo, between 2 May and 7 August 2020. Results: There were 479 patients who underwent PET/CT primarily for follow-up, and 66 (‎13.78%)‎ of them showed radiological signs of COVID-19, with the peak incidence in weeks 7-8 of the study. This coincided and strongly correlated with the peak incidence of COVID-19 in Egypt (‎Pearson's correlation coefficient test = 0.943)‎. Conclusion: The incidence of incidental PET/CT signs of COVID-19 was in accordance with the officially reported incidence of COVID-19 in Egypt between 2 May and 7 August 2020. These results could be helpful for implementing and adjusting public health and social measures during the COVID-19 pandemic.
=653  \\$aCOVID-19
=653  \\$aEgypt
=653  \\$aEpidemiology
=653  \\$aTumours
=653  \\$abetacoronavirus
=653  \\$acairo
=653  \\$acoronavirus disease (‎covid-19)‎
=653  \\$acovid-19
=653  \\$adiagnostic imaging
=653  \\$adisease outbreaks
=653  \\$aegypt
=653  \\$aepidemiology
=653  \\$aneoplasms
=700  1\$aMostafa Abdel-Kawi.
=710  2\$aWorld Health Organization.
=856  4\$uhttps://policycommons.net/artifacts/3450974/incidence-of-incidental-positron-emission-tomography-and-computed-tomography-signs-of-covid-19-in-asymptomatic-cancer-patients-in-egypt/4251228/$yWorld Health Organization document$ahttps://policycommons.net/
=859  \\$aORR$bWorld Health Organization
=884  \\$aLDL ebooks tsv to marcxml transformation using XSLTtest.xsl$g20230811$qUk
=CAT  \\$aBATCH-IGO$b00$c20230822$lBLL01$h1133
=CAT  \\$aBATCH-UPD$b00$c20230822$lBLL01$h1134
=FIN  \\$aY$d20230822
=SRC  \\$aCoherent Digital WHO$bwhoJuly23.mrc
=LAS  \\$aBATCH-UPD$b00$c20230822$lBLL01$h1134

