=LDR  02573nam a22005293i 4500
=001  021182912
=003  Uk
=005  20230822113336.0
=006  m\\\\||\\d\|\\\\\\
=007  cr\|||||||||||
=008  230811s2023\\\\sz\|||||o\\\\||||\||eng\\
=FMT  \\$a  BK
=037  \\$bWHO
=040  \\$aVaAlCD$beng$cVaAlCD$dUk
=041  \\$aeng
=245  00$aAssessing national capacity for the prevention and control of noncommunicable diseases: report of the 2019 country capacity survey in the Eastern Mediterranean Region /$cWorld Health Organization. Regional Office for the Eastern Mediterranean.
=264  \1$a[Switzerland] :$bWorld Health Organization,$c2023.
=300  \\$a1 online resource.
=336  \\$atext$2rdacontent
=337  \\$acomputer$2rdamedia
=338  \\$aonline resource$2rdacarrier
=520  3\$aThis regional report provides the results of the 2019 noncommunicable disease (‎NCD)‎ country capacity survey in the Eastern Mediterranean Region. It offers an overview of the current capacities of the countries of the Region to prevent and control NCDs particularly in regard to the four key areas of: governance.
=520  3\$aprevention and reduction of risk factors.
=520  3\$asurveillance.
=520  3\$amonitoring and evaluation.
=520  3\$aand health care. The report aims to inform the work of decision-makers in ministries of health and other sectors related to health as well as NCD managers physicians clinicians researchers the media and others.
=653  \\$aCapacity Building
=653  \\$aMediterranean Region
=653  \\$acairo
=653  \\$acapacity building
=653  \\$adata collection
=653  \\$ahealth surveys
=653  \\$amediterranean region
=653  \\$amortality
=653  \\$anoncommunicable diseases
=653  \\$aprevention & control
=653  \\$asurveys and questionnaires
=710  2\$aWorld Health Organization.
=720  \\$aWorld Health Organization. Regional Office for the Eastern Mediterranean
=856  4\$uhttps://policycommons.net/artifacts/3882264/assessing-national-capacity-for-the-prevention-and-control-of-noncommunicable-diseases/4688573/$yWorld Health Organization document$ahttps://policycommons.net/
=859  \\$aORR$bWorld Health Organization
=884  \\$aLDL ebooks tsv to marcxml transformation using XSLTtest.xsl$g20230811$qUk
=CAT  \\$aBATCH-IGO$b00$c20230822$lBLL01$h1133
=CAT  \\$aBATCH-UPD$b00$c20230822$lBLL01$h1134
=FIN  \\$aY$d20230822
=SRC  \\$aCoherent Digital WHO$bwhoJuly23.mrc
=LAS  \\$aBATCH-UPD$b00$c20230822$lBLL01$h1134

