=LDR  02186nam a22004213i 4500
=001  021182913
=003  Uk
=005  20230822113336.0
=006  m\\\\||\\d\|\\\\\\
=007  cr\|||||||||||
=008  230811s2023\\\\sz\|||||o\\\\||||\||eng\\
=FMT  \\$a  BK
=037  \\$bWHO
=040  \\$aVaAlCD$beng$cVaAlCD$dUk
=041  \\$aeng
=245  00$aReport of the 17th Meeting of the European Union Physical Activity Focal Points Network, Nice, 30 - 31 August 2022 /$cWorld Health Organization. Regional Office for Europe.
=264  \1$a[Switzerland] :$bWorld Health Organization,$c2023.
=300  \\$a1 online resource.
=336  \\$atext$2rdacontent
=337  \\$acomputer$2rdamedia
=338  \\$aonline resource$2rdacarrier
=520  3\$aThe 17th meeting of the EU Physical Activity Focal Points Network was held in Nice, France, 30 -31 August 2022. The aim of the meeting - the first in-person meeting since 2019 before the COVID-19 pandemic - was to explore how the research agenda can be aligned with the development, implementation and evaluation of physical activity policies in European Union Member States.2 The meeting was organized to coincide with the HEPA Europe conference, in order to facilitate exchange between the focal points and the HEPA Europe Network.
=653  \\$aExercise
=653  \\$acopenhagen
=653  \\$aexercise
=653  \\$aintersectoral collaboration
=653  \\$aorganization and administration
=653  \\$aphysical exertion
=710  2\$aWorld Health Organization.
=720  \\$aWorld Health Organization. Regional Office for Europe
=856  4\$uhttps://policycommons.net/artifacts/3681523/report-of-the-17th-meeting-of-the-european-union-physical-activity-focal-points-network-nice-30/4487415/$yWorld Health Organization document$ahttps://policycommons.net/
=859  \\$aORR$bWorld Health Organization
=884  \\$aLDL ebooks tsv to marcxml transformation using XSLTtest.xsl$g20230811$qUk
=CAT  \\$aBATCH-IGO$b00$c20230822$lBLL01$h1133
=CAT  \\$aBATCH-UPD$b00$c20230822$lBLL01$h1134
=FIN  \\$aY$d20230822
=SRC  \\$aCoherent Digital WHO$bwhoJuly23.mrc
=LAS  \\$aBATCH-UPD$b00$c20230822$lBLL01$h1134

