=LDR  03365nam a22004453i 4500
=001  021182916
=003  Uk
=005  20230822113336.0
=006  m\\\\||\\d\|\\\\\\
=007  cr\|||||||||||
=008  230811s2023\\\\sz\|||||o\\\\||||\||eng\\
=FMT  \\$a  BK
=037  \\$bWHO
=040  \\$aVaAlCD$beng$cVaAlCD$dUk
=041  \\$aeng
=245  00$aChildhood Obesity Surveillance Initiative (‎COSI)‎: Tajikistan. Report on the fourth (‎2016/2017)‎ and fifth (‎2019)‎ rounds of data collection /$cWorld Health Organization. Regional Office for Europe.
=264  \1$a[Switzerland] :$bWorld Health Organization,$c2023.
=300  \\$a1 online resource.
=336  \\$atext$2rdacontent
=337  \\$acomputer$2rdamedia
=338  \\$aonline resource$2rdacarrier
=520  3\$aNutritional surveillance data are essential to effectively design, implement and evaluate policies and strategies aimed at counteracting childhood obesity, which remains an important public health problem in the WHO European Region. The WHO European Childhood Obesity Surveillance Initiative (‎COSI)‎ was established in 2007 as a systematic process of collection, analysis, interpretation and dissemination of descriptive information for use in monitoring excess bodyweight and in programme planning and evaluation. Tajikistan joined the WHO European COSI study in 2016 (‎fourth round)‎. This report presents data on the fourth (‎2016/2017)‎ and fifth (‎2019)‎ rounds. COSI Tajikistan data collection was performed in five regions of Tajikistan (‎Districts of Republic Subordination, Dushanbe City, Gorno-Badakhshan Autonomous Oblast, Khatlon and Sughd)‎ following the WHO European COSI study common protocol and data collection procedures. From 153 primary schools, a total of 3318 children aged 7 years were measured in 2016/2017 and 3454 in 2019. The COSI study allows better understanding of the progression of childhood overweight and obesity in each country and provides information on related factors, such as eating habits and patterns of physical activity. COSI Tajikistan should be repeated every three years to monitor trends over time, which is of particular importance given that obesity (‎1.5% in 2016/2017 and 1.4% in 2019)‎ coexists alongside thinness (‎4.3% in 2016/2017 and 6.0% in 2018)‎, and to support the country's need for ongoing or future interventions to promote healthier lifestyles among children and, consequently, ensure better health.
=653  \\$aChild Health
=653  \\$aObesity
=653  \\$achild health
=653  \\$acopenhagen
=653  \\$anutritional status
=653  \\$aobesity
=653  \\$aoverweight
=653  \\$apublic health surveillance
=710  2\$aWorld Health Organization.
=720  \\$aWorld Health Organization. Regional Office for Europe
=856  4\$uhttps://policycommons.net/artifacts/3454290/childhood-obesity-surveillance-initiative-cosi/4254608/$yWorld Health Organization document$ahttps://policycommons.net/
=859  \\$aORR$bWorld Health Organization
=884  \\$aLDL ebooks tsv to marcxml transformation using XSLTtest.xsl$g20230811$qUk
=CAT  \\$aBATCH-IGO$b00$c20230822$lBLL01$h1133
=CAT  \\$aBATCH-UPD$b00$c20230822$lBLL01$h1134
=FIN  \\$aY$d20230822
=SRC  \\$aCoherent Digital WHO$bwhoJuly23.mrc
=LAS  \\$aBATCH-UPD$b00$c20230822$lBLL01$h1134

