=LDR  03492nam a22004453i 4500
=001  021182920
=003  Uk
=005  20230822113336.0
=006  m\\\\||\\d\|\\\\\\
=007  cr\|||||||||||
=008  230811s2023\\\\sz\|||||o\\\\||||\||eng\\
=FMT  \\$a  BK
=037  \\$bWHO
=040  \\$aVaAlCD$beng$cVaAlCD$dUk
=041  \\$aeng
=245  00$aNurses' experiences of managing COVID-19 contact tracing clinics in a tertiary care hospital /$cMaha Aljuaid.
=264  \1$a[Switzerland] :$bWorld Health Organization,$c2023.
=300  \\$a1 online resource.
=336  \\$atext$2rdacontent
=337  \\$acomputer$2rdamedia
=338  \\$aonline resource$2rdacarrier
=520  3\$aBackground: The COVID-19 pandemic spread rapidly globally, making the WHO to declare it a public health emergency of international concern. The ability of health institutions to screen and test for COVID-19 has been critical in detecting, preventing, and managing the spread of the disease. Aims: This report documents lessons from the ambulatory care nursing for COVID-19 contact tracing at a tertiary care hospital. Methods: In March 2020, a multidisciplinary team consisting of staff of the Primary Healthcare Services, Ambulatory Care Center, Infection Prevention and Control Department, and Nursing Services at the Ministry of National Guard Health Affairs in Riyadh, Saudi Arabia, worked collaboratively to establish 2 dedicated COVID-19 contact tracing clinics away from hospital premises, one clinic established for the public and another for hospital staff. Surveillance system was established to detect and contain as many cases as possible. This report highlights the process of establishing and maintaining the structure and managing workflow of the contact tracing clinics. We calculated the number of nasopharyngeal swabs and the daily average number of patient visits for both clinics between March 2020 and March 2021. Results: Over the one-year period, the clinics served 79 146 visitors with an average of 52 visits for staff, 159 visits for adults, and 16 visits for children per day. The 2 clinics conducted 73 924 polymerase chain reaction tests. There was zero transmission of COVID-19 infection to staff working at both clinics. Conclusion: Despite the challenge of setting up contact tracing clinics, the decision to use separate geographic locations contributed to reducing the risk of infection exposure among staff of the clinics. Effective implementation of contact tracing interventions relies on interdepartmental cooperation and effective communication to contain the risk of viral spread.
=653  \\$aCOVID-19
=653  \\$aNurses
=653  \\$abetacoronavirus
=653  \\$acairo
=653  \\$acoronavirus disease (‎covid-19)‎
=653  \\$acovid-19
=653  \\$adisease outbreaks
=653  \\$anurses
=700  1\$aMaha Aljuaid.
=710  2\$aWorld Health Organization.
=856  4\$uhttps://policycommons.net/artifacts/3534090/nurses-experiences-of-managing-covid-19-contact-tracing-clinics-in-a-tertiary-care-hospital/4335297/$yWorld Health Organization document$ahttps://policycommons.net/
=859  \\$aORR$bWorld Health Organization
=884  \\$aLDL ebooks tsv to marcxml transformation using XSLTtest.xsl$g20230811$qUk
=CAT  \\$aBATCH-IGO$b00$c20230822$lBLL01$h1133
=CAT  \\$aBATCH-UPD$b00$c20230822$lBLL01$h1134
=FIN  \\$aY$d20230822
=SRC  \\$aCoherent Digital WHO$bwhoJuly23.mrc
=LAS  \\$aBATCH-UPD$b00$c20230822$lBLL01$h1134

