=LDR  01656nam a22004933i 4500
=001  021182922
=003  Uk
=005  20230822113336.0
=006  m\\\\||\\d\|\\\\\\
=007  cr\|||||||||||
=008  230811s2023\\\\sz\|||||o\\\\||||\||eng\\
=FMT  \\$a  BK
=037  \\$bWHO
=040  \\$aVaAlCD$beng$cVaAlCD$dUk
=041  \\$aeng
=245  00$aMitigating the resurgence of cholera in the Eastern Mediterranean Region /$cAhmed Al-Mandhari.
=264  \1$a[Switzerland] :$bWorld Health Organization,$c2023.
=300  \\$a1 online resource.
=336  \\$atext$2rdacontent
=337  \\$acomputer$2rdamedia
=338  \\$aonline resource$2rdacarrier
=653  \\$aCholera
=653  \\$aEpidemiology
=653  \\$aLebanon
=653  \\$aMediterranean Region
=653  \\$aSyrian Arab Republic
=653  \\$acairo
=653  \\$acholera
=653  \\$aepidemiology
=653  \\$airan
=653  \\$alebanon
=653  \\$amediterranean region
=653  \\$aprevention & control
=653  \\$asyria
=700  1\$aAhmed Al-Mandhari.
=710  2\$aWorld Health Organization.
=856  4\$uhttps://policycommons.net/artifacts/3450982/mitigating-the-resurgence-of-cholera-in-the-eastern-mediterranean-region/4251239/$yWorld Health Organization document$ahttps://policycommons.net/
=859  \\$aORR$bWorld Health Organization
=884  \\$aLDL ebooks tsv to marcxml transformation using XSLTtest.xsl$g20230811$qUk
=CAT  \\$aBATCH-IGO$b00$c20230822$lBLL01$h1133
=CAT  \\$aBATCH-UPD$b00$c20230822$lBLL01$h1134
=FIN  \\$aY$d20230822
=SRC  \\$aCoherent Digital WHO$bwhoJuly23.mrc
=LAS  \\$aBATCH-UPD$b00$c20230822$lBLL01$h1134

