=LDR  01830nam a22004333i 4500
=001  021182923
=003  Uk
=005  20230822113336.0
=006  m\\\\||\\d\|\\\\\\
=007  cr\|||||||||||
=008  230811s2023\\\\sz\|||||o\\\\||||\||eng\\
=FMT  \\$a  BK
=037  \\$bWHO
=040  \\$aVaAlCD$beng$cVaAlCD$dUk
=041  \\$aeng
=245  00$aMessage from Dr Ahmed Al-Mandhari WHO Regional Director for the Eastern Mediterranean on the occasion of World Neglected Tropical Diseases Day, 30 January 2023 /$cWorld Health Organization. Regional Office for the Eastern Mediterranean.
=264  \1$a[Switzerland] :$bWorld Health Organization,$c2023.
=300  \\$a1 online resource.
=336  \\$atext$2rdacontent
=337  \\$acomputer$2rdamedia
=338  \\$aonline resource$2rdacarrier
=520  3\$a1:00 PM.
=653  \\$aCommunicable Diseases
=653  \\$acairo
=653  \\$acommunicable diseases
=653  \\$aglobal health
=653  \\$aneglected diseases
=653  \\$aprevention & control
=653  \\$atropical medicine
=710  2\$aWorld Health Organization.
=720  \\$aWorld Health Organization. Regional Office for the Eastern Mediterranean
=856  4\$uhttps://policycommons.net/artifacts/3444208/message-from-dr-ahmed-al-mandhari-who-regional-director-for-the-eastern-mediterranean-on-the-occasion-of-world-neglected-tropical-diseases-day-30-january-2023/4244247/$yWorld Health Organization document$ahttps://policycommons.net/
=859  \\$aORR$bWorld Health Organization
=884  \\$aLDL ebooks tsv to marcxml transformation using XSLTtest.xsl$g20230811$qUk
=CAT  \\$aBATCH-IGO$b00$c20230822$lBLL01$h1133
=CAT  \\$aBATCH-UPD$b00$c20230822$lBLL01$h1134
=FIN  \\$aY$d20230822
=SRC  \\$aCoherent Digital WHO$bwhoJuly23.mrc
=LAS  \\$aBATCH-UPD$b00$c20230822$lBLL01$h1134

