=LDR  01665nam a22004333i 4500
=001  021182928
=003  Uk
=005  20230822113336.0
=006  m\\\\||\\d\|\\\\\\
=007  cr\|||||||||||
=008  230811s2023\\\\sz\|||||o\\\\||||\||eng\\
=FMT  \\$a  BK
=037  \\$bWHO
=040  \\$aVaAlCD$beng$cVaAlCD$dUk
=041  \\$aeng
=245  00$aReport of the 15th FAO/WHO joint meeting on pesticide management, Rome, Italy and online, 15-18 November 2022 /$cFood and Agriculture Organization of the United Nations.
=264  \1$a[Switzerland] :$bWorld Health Organization,$c2023.
=300  \\$a1 online resource.
=336  \\$atext$2rdacontent
=337  \\$acomputer$2rdamedia
=338  \\$aonline resource$2rdacarrier
=520  3\$a32 p.
=653  \\$aPesticides
=653  \\$aRisk Management
=653  \\$ahousehold products
=653  \\$ameeting abstract
=653  \\$apesticides
=653  \\$arisk management
=653  \\$arome
=710  2\$aWorld Health Organization.
=720  \\$aFood and Agriculture Organization of the United Nations
=856  4\$uhttps://policycommons.net/artifacts/3681532/report-of-the-15th-faowho-joint-meeting-on-pesticide-management-rome-italy-and-online-15-18-november-2022/4487412/$yWorld Health Organization document$ahttps://policycommons.net/
=859  \\$aORR$bWorld Health Organization
=884  \\$aLDL ebooks tsv to marcxml transformation using XSLTtest.xsl$g20230811$qUk
=CAT  \\$aBATCH-IGO$b00$c20230822$lBLL01$h1133
=CAT  \\$aBATCH-UPD$b00$c20230822$lBLL01$h1134
=FIN  \\$aY$d20230822
=SRC  \\$aCoherent Digital WHO$bwhoJuly23.mrc
=LAS  \\$aBATCH-UPD$b00$c20230822$lBLL01$h1134

