=LDR  01947nam a22004213i 4500
=001  021182935
=003  Uk
=005  20230822113336.0
=006  m\\\\||\\d\|\\\\\\
=007  cr\|||||||||||
=008  230811s2023\\\\sz\|||||o\\\\||||\||eng\\
=FMT  \\$a  BK
=037  \\$bWHO
=040  \\$aVaAlCD$beng$cVaAlCD$dUk
=041  \\$aeng
=245  00$aHealth systems response to post COVID-19 condition: report of side event, 13 September 2022, 72nd session of the WHO Regional Committee for Europe in Tel Aviv, Israel /$cWorld Health Organization. Regional Office for Europe.
=264  \1$a[Switzerland] :$bWorld Health Organization,$c2023.
=300  \\$a1 online resource.
=336  \\$atext$2rdacontent
=337  \\$acomputer$2rdamedia
=338  \\$aonline resource$2rdacarrier
=520  3\$aThe WHO Regional Office for Europe and Long COVID Europe, the European network of Long COVID patient associations representing 19 countries, organized a side event on Health systems response to post COVID-19 condition on 13 September 2022 during the 72nd session of the WHO Regional Committee for Europe in Tel Aviv, Israel.
=653  \\$aCOVID-19
=653  \\$aHealth Policy
=653  \\$acopenhagen
=653  \\$acovid-19
=653  \\$ahealth policy
=653  \\$ahealth systems plans
=710  2\$aWorld Health Organization.
=720  \\$aWorld Health Organization. Regional Office for Europe
=856  4\$uhttps://policycommons.net/artifacts/3457233/health-systems-response-to-post-covid-19-condition/4257694/$yWorld Health Organization document$ahttps://policycommons.net/
=859  \\$aORR$bWorld Health Organization
=884  \\$aLDL ebooks tsv to marcxml transformation using XSLTtest.xsl$g20230811$qUk
=CAT  \\$aBATCH-IGO$b00$c20230822$lBLL01$h1133
=CAT  \\$aBATCH-UPD$b00$c20230822$lBLL01$h1134
=FIN  \\$aY$d20230822
=SRC  \\$aCoherent Digital WHO$bwhoJuly23.mrc
=LAS  \\$aBATCH-UPD$b00$c20230822$lBLL01$h1134

