=LDR  03180nam a22004573i 4500
=001  021182937
=003  Uk
=005  20230822113336.0
=006  m\\\\||\\d\|\\\\\\
=007  cr\|||||||||||
=008  230811s2023\\\\sz\|||||o\\\\||||\||eng\\
=FMT  \\$a  BK
=037  \\$bWHO
=040  \\$aVaAlCD$beng$cVaAlCD$dUk
=041  \\$aeng
=245  00$aSystematic review and meta-analysis of the quality-of-life of patients with Parkinson's disease /$cZahra Hoseinipalangi.
=264  \1$a[Switzerland] :$bWorld Health Organization,$c2023.
=300  \\$a1 online resource.
=336  \\$atext$2rdacontent
=337  \\$acomputer$2rdamedia
=338  \\$aonline resource$2rdacarrier
=520  3\$aBackground: Parkinson's disease can adversely affect the quality-of-life. Aims: We conducted a systematic review and meta-analysis of global literature on the quality-of-life of patients with Parkinson's disease and examined the association between patient characteristics and quality-of-life. Methods: We searched Embase, PubMed, Scopus and Web of Science from January 2000 to January 2020. We included articles published in English that used the Parkinson's disease questionnaire to estimate the quality-of-life score and to identify the determinants of quality-of-life in patients with Parkinson's disease. Results: In total, 41 studies with data from 4060 patients who had Parkinson's disease met our inclusion criteria. The overall quality-of-life score was 32.37 (‎95% confidence intervals (‎CI)‎: 28.72-36.01)‎. Age and duration of disease were inversely related to quality-of-life (‎P &lt.
=520  3\$a0.001)‎. South America had the highest score on the questionnaire (‎39.73, 95% CI: 28.66-50.79, P &lt.
=520  3\$a0.001)‎, indicating the lowest quality-of-life of patients with Parkinson's disease. Of the 6 World Health Organization regions, the Eastern Mediterranean Region had the highest score (‎36.28, 95% CI: 23.44-49.13, P &lt.
=520  3\$a0.001)‎. Conclusion: Although the global score in patients with Parkinson's disease indicated an acceptable quality-of-life, there is a possibility for improvements. The findings of this study can inform evidence-based strategies by health policymakers and clinicians to enhance the quality-of-life of patients with Parkinson's disease.
=653  \\$aQuality of Life
=653  \\$acairo
=653  \\$acomplications
=653  \\$anoncommunicable diseases
=653  \\$aparkinson disease
=653  \\$aquality of life
=700  1\$aZahra Hoseinipalangi.
=710  2\$aWorld Health Organization.
=856  4\$uhttps://policycommons.net/artifacts/3450971/systematic-review-and-meta-analysis-of-the-quality-of-life-of-patients-with-parkinsons-disease/4251227/$yWorld Health Organization document$ahttps://policycommons.net/
=859  \\$aORR$bWorld Health Organization
=884  \\$aLDL ebooks tsv to marcxml transformation using XSLTtest.xsl$g20230811$qUk
=CAT  \\$aBATCH-IGO$b00$c20230822$lBLL01$h1133
=CAT  \\$aBATCH-UPD$b00$c20230822$lBLL01$h1134
=FIN  \\$aY$d20230822
=SRC  \\$aCoherent Digital WHO$bwhoJuly23.mrc
=LAS  \\$aBATCH-UPD$b00$c20230822$lBLL01$h1134

