=LDR  02400nam a22004453i 4500
=001  021182939
=003  Uk
=005  20230822113336.0
=006  m\\\\||\\d\|\\\\\\
=007  cr\|||||||||||
=008  230811s2023\\\\sz\|||||o\\\\||||\||eng\\
=FMT  \\$a  BK
=037  \\$bWHO
=040  \\$aVaAlCD$beng$cVaAlCD$dUk
=041  \\$aeng
=245  00$aMental Health Week 2022: supporting the mental health and well-being of children and adolescents, 3-5 November 2022, Athens, Greece: meeting report /$cWorld Health Organization. Regional Office for Europe.
=264  \1$a[Switzerland] :$bWorld Health Organization,$c2023.
=300  \\$a1 online resource.
=336  \\$atext$2rdacontent
=337  \\$acomputer$2rdamedia
=338  \\$aonline resource$2rdacarrier
=520  3\$aA series of events, called 'Mental Health Week', was held in Athens, Greece, marking almost one year since the launch of the Pan-European Mental Health Coalition. Day 1 continued discussions of the second working package of the Coalition, focusing on the development of a quality of care framework for the mental health care of children and adolescents, including active participation of young people. Day 2 provided an opportunity for Greece to bring together politicians, experts and citizens in discourse on mental health in Greece as well as throughout the WHO European Region, including holding a concert. Youth participants vocally called for leadership roles and a clear framework for engagement with youth, work on which will begin in 2023.
=653  \\$aChild Health
=653  \\$aMental Health
=653  \\$aYouth Health
=653  \\$aadolescent health
=653  \\$achild health
=653  \\$acopenhagen
=653  \\$amental health
=653  \\$aquality of health care
=710  2\$aWorld Health Organization.
=720  \\$aWorld Health Organization. Regional Office for Europe
=856  4\$uhttps://policycommons.net/artifacts/3526076/mental-health-week-2022/4326793/$yWorld Health Organization document$ahttps://policycommons.net/
=859  \\$aORR$bWorld Health Organization
=884  \\$aLDL ebooks tsv to marcxml transformation using XSLTtest.xsl$g20230811$qUk
=CAT  \\$aBATCH-IGO$b00$c20230822$lBLL01$h1133
=CAT  \\$aBATCH-UPD$b00$c20230822$lBLL01$h1134
=FIN  \\$aY$d20230822
=SRC  \\$aCoherent Digital WHO$bwhoJuly23.mrc
=LAS  \\$aBATCH-UPD$b00$c20230822$lBLL01$h1134

