=LDR  03096nam a22004453i 4500
=001  021182942
=003  Uk
=005  20230822113336.0
=006  m\\\\||\\d\|\\\\\\
=007  cr\|||||||||||
=008  230811s2023\\\\sz\|||||o\\\\||||\||eng\\
=FMT  \\$a  BK
=037  \\$bWHO
=040  \\$aVaAlCD$beng$cVaAlCD$dUk
=041  \\$aeng
=245  00$aTelehealth experiences of mothers of hospitalized and discharged preterm infants in Islamic Republic of Iran /$cAtefeh Shamsi.
=264  \1$a[Switzerland] :$bWorld Health Organization,$c2023.
=300  \\$a1 online resource.
=336  \\$atext$2rdacontent
=337  \\$acomputer$2rdamedia
=338  \\$aonline resource$2rdacarrier
=520  3\$aBackground: The transition to telehealth services for mothers of preterm babies is a challenge in promoting the health of preterm infants, although telehealth allows real-time interaction and support for mothers. Aim: To compare the experiences of mothers of hospitalized and discharged preterm infants with telehealth services in the Islamic Republic of Iran. Methods: This qualitative study was conducted from June to October 2021 using a conventional content analysis approach. The study participants included 35 hospitalized and 35 discharged mothers of preterm infants, who received healthcare consultations through WhatsApp and Telegram applications. They were selected using purposive sampling. Data collection was done using in-depth semi-structured interviews and data analysis was performed using Graneheim and Lundman analysis. Results: Our findings showed request for continuing healthcare support by the mothers as the main category, with 3 subcategories: willingness to connect to telehealth services, more comprehensive education about telehealth services, and opportunities to share experiences. Mothers of hospitalized and discharged preterm infants had conflicting views about the ambiguous role of nurses in telehealth and the use of telehealth as a support system. Conclusion: Telehealth plays an important role as a supportive method in promoting infant health and boosting the confidence of mothers of preterm infants as they continuously interact with nurses.
=653  \\$aMothers
=653  \\$acairo
=653  \\$ainfant, premature
=653  \\$airan
=653  \\$amaternal, reproductive and child health
=653  \\$amothers
=653  \\$apatient discharge
=653  \\$atelemedicine
=700  1\$aAtefeh Shamsi.
=710  2\$aWorld Health Organization.
=856  4\$uhttps://policycommons.net/artifacts/4305844/telehealth-experiences-of-mothers-of-hospitalized-and-discharged-preterm-infants-in-islamic-republic-of-iran/5116013/$yWorld Health Organization document$ahttps://policycommons.net/
=859  \\$aORR$bWorld Health Organization
=884  \\$aLDL ebooks tsv to marcxml transformation using XSLTtest.xsl$g20230811$qUk
=CAT  \\$aBATCH-IGO$b00$c20230822$lBLL01$h1133
=CAT  \\$aBATCH-UPD$b00$c20230822$lBLL01$h1134
=FIN  \\$aY$d20230822
=SRC  \\$aCoherent Digital WHO$bwhoJuly23.mrc
=LAS  \\$aBATCH-UPD$b00$c20230822$lBLL01$h1134

