=LDR  01724nam a22004453i 4500
=001  021182946
=003  Uk
=005  20230822113336.0
=006  m\\\\||\\d\|\\\\\\
=007  cr\|||||||||||
=008  230811s2023\\\\sz\|||||o\\\\||||\||eng\\
=FMT  \\$a  BK
=037  \\$bWHO
=040  \\$aVaAlCD$beng$cVaAlCD$dUk
=041  \\$aeng
=245  00$aTechnical consultation to assess evidence on community-based delivery of intermittent preventive treatment in pregnancy for malaria: report of a virtual meeting, 21-23 June 2022 /$cWorld Health Organization.
=264  \1$a[Switzerland] :$bWorld Health Organization,$c2023.
=300  \\$a1 online resource.
=336  \\$atext$2rdacontent
=337  \\$acomputer$2rdamedia
=338  \\$aonline resource$2rdacarrier
=520  3\$aiv, 43 p.
=653  \\$aMalaria
=653  \\$aPregnancy
=653  \\$aPreventive Medicine
=653  \\$ageneva
=653  \\$amalaria
=653  \\$ameeting abstract
=653  \\$apregnancy
=653  \\$apreventive medicine
=710  2\$aWorld Health Organization.
=720  \\$aWorld Health Organization
=856  4\$uhttps://policycommons.net/artifacts/3455321/technical-consultation-to-assess-evidence-on-community-based-delivery-of-intermittent-preventive-treatment-in-pregnancy-for-malaria/4255673/$yWorld Health Organization document$ahttps://policycommons.net/
=859  \\$aORR$bWorld Health Organization
=884  \\$aLDL ebooks tsv to marcxml transformation using XSLTtest.xsl$g20230811$qUk
=CAT  \\$aBATCH-IGO$b00$c20230822$lBLL01$h1133
=CAT  \\$aBATCH-UPD$b00$c20230822$lBLL01$h1135
=FIN  \\$aY$d20230822
=SRC  \\$aCoherent Digital WHO$bwhoJuly23.mrc
=LAS  \\$aBATCH-UPD$b00$c20230822$lBLL01$h1135

