=LDR  01460nam a22004093i 4500
=001  021182950
=003  Uk
=005  20230822113336.0
=006  m\\\\||\\d\|\\\\\\
=007  cr\|||||||||||
=008  230811s2023\\\\sz\|||||o\\\\||||\||eng\\
=FMT  \\$a  BK
=037  \\$bWHO
=040  \\$aVaAlCD$beng$cVaAlCD$dUk
=041  \\$aeng
=245  00$aAdolescent health in the Middle East and North Africa region: leaving no one behind /$cFadia AlBuhairan.
=264  \1$a[Switzerland] :$bWorld Health Organization,$c2023.
=300  \\$a1 online resource.
=336  \\$atext$2rdacontent
=337  \\$acomputer$2rdamedia
=338  \\$aonline resource$2rdacarrier
=653  \\$aMiddle East
=653  \\$aYouth Health
=653  \\$aadolescent health
=653  \\$aafrica, northern
=653  \\$acairo
=653  \\$amiddle east
=700  1\$aFadia AlBuhairan.
=710  2\$aWorld Health Organization.
=856  4\$uhttps://policycommons.net/artifacts/3524518/adolescent-health-in-the-middle-east-and-north-africa-region/4325171/$yWorld Health Organization document$ahttps://policycommons.net/
=859  \\$aORR$bWorld Health Organization
=884  \\$aLDL ebooks tsv to marcxml transformation using XSLTtest.xsl$g20230811$qUk
=CAT  \\$aBATCH-IGO$b00$c20230822$lBLL01$h1133
=CAT  \\$aBATCH-UPD$b00$c20230822$lBLL01$h1135
=FIN  \\$aY$d20230822
=SRC  \\$aCoherent Digital WHO$bwhoJuly23.mrc
=LAS  \\$aBATCH-UPD$b00$c20230822$lBLL01$h1135

