=LDR  03782nam a22005533i 4500
=001  021182951
=003  Uk
=005  20230822113336.0
=006  m\\\\||\\d\|\\\\\\
=007  cr\|||||||||||
=008  230811s2023\\\\sz\|||||o\\\\||||\||eng\\
=FMT  \\$a  BK
=037  \\$bWHO
=040  \\$aVaAlCD$beng$cVaAlCD$dUk
=041  \\$aeng
=245  00$aEcological study of breast cancer incidence among nationals and nonnationals in the Gulf Cooperation Council countries /$cKarima Chaabna.
=264  \1$a[Switzerland] :$bWorld Health Organization,$c2023.
=300  \\$a1 online resource.
=336  \\$atext$2rdacontent
=337  \\$acomputer$2rdamedia
=338  \\$aonline resource$2rdacarrier
=520  3\$aBackground: Breast cancer incidence is increasing in the Gulf Cooperation Council (‎GCC)‎ countries: Bahrain, Kuwait, Oman, Qatar, Saudi Arabia, and United Arab Emirates. Aims: This study analysed geographical patterns, time trends, and age distribution of female breast cancer incidence among nationals and non-nationals in GCC countries. Methods: Available cancer registry data for 1979-2016 were retrieved for the GCC countries. Age-standardized rates (‎ASRs)‎ per 100 000 women were calculated using the World standard population. Comparisons were made by calculating comparative incidence figures. Results: From 1998 to 2012, incidence among nationals was highest in Bahrain (‎ASR 61.85)‎, Kuwait (‎ASR 52.66)‎, and Qatar (‎ASR 56.90)‎ and lowest in Saudi Arabia (‎ASR 19.76)‎, Oman (‎ASR 22.33)‎, and United Arab Emirates (‎ASR 31.05)‎. In the most recent period, data were available only in Qatar (‎2014-2016)‎ and Saudi Arabia (‎2013-2015)‎. Non-nationals and nationals in Qatar had higher incidence rates than in Saudi Arabia. Incidence among nationals in Qatar was at least twice that in Saudi Arabia (‎comparative incidence figure 2.32)‎. Incidence among non-nationals in Qatar was 3 times higher than in Saudi Arabia. Among nationals in Kuwait, 10.8% of cases of breast cancer occurred in women aged &lt.
=520  3\$a40 years in 2008-2012, compared with 24.2% in non-nationals in Qatar in 2014-2016. Conclusion: Breast cancer incidence has increased over time among women in most GCC countries, likely reflecting the improvements in healthcare access and screening programmes. Nationals and non-nationals developed breast cancer at a younger age than women in other high-income countries. Increased screening uptake is still required in the region. Evidence-based, locally-informed interventions should be implemented to address risk factors specific to the nationals and non-nationals in the GCC countries.
=653  \\$aBahrain
=653  \\$aCancer
=653  \\$aEpidemiology
=653  \\$aKuwait
=653  \\$aOman
=653  \\$aQatar
=653  \\$aUnited Arab Emirates
=653  \\$abahrain
=653  \\$abreast neoplasms
=653  \\$acairo
=653  \\$acancer
=653  \\$aepidemiology
=653  \\$akuwait
=653  \\$aoman
=653  \\$aqatar
=653  \\$aunited arab emirates
=700  1\$aKarima Chaabna.
=710  2\$aWorld Health Organization.
=856  4\$uhttps://policycommons.net/artifacts/3450978/ecological-study-of-breast-cancer-incidence-among-nationals-and-nonnationals-in-the-gulf-cooperation-council-countries/4251238/$yWorld Health Organization document$ahttps://policycommons.net/
=859  \\$aORR$bWorld Health Organization
=884  \\$aLDL ebooks tsv to marcxml transformation using XSLTtest.xsl$g20230811$qUk
=CAT  \\$aBATCH-IGO$b00$c20230822$lBLL01$h1133
=CAT  \\$aBATCH-UPD$b00$c20230822$lBLL01$h1135
=FIN  \\$aY$d20230822
=SRC  \\$aCoherent Digital WHO$bwhoJuly23.mrc
=LAS  \\$aBATCH-UPD$b00$c20230822$lBLL01$h1135

