=LDR  01754nam a22004573i 4500
=001  021182953
=003  Uk
=005  20230822113336.0
=006  m\\\\||\\d\|\\\\\\
=007  cr\|||||||||||
=008  230811s2023\\\\sz\|||||o\\\\||||\||eng\\
=FMT  \\$a  BK
=037  \\$bWHO
=040  \\$aVaAlCD$beng$cVaAlCD$dUk
=041  \\$aeng
=245  00$aAnnual business meeting and technical conference 2022: local-level policy recommendations: operationalizing a One Health approach: political statement of the WHO European Healthy Cities Network /$cWorld Health Organization. Regional Office for Europe.
=264  \1$a[Switzerland] :$bWorld Health Organization,$c2023.
=300  \\$a1 online resource.
=336  \\$atext$2rdacontent
=337  \\$acomputer$2rdamedia
=338  \\$aonline resource$2rdacarrier
=520  3\$a5:00 PM.
=653  \\$aCities
=653  \\$aHealth Policy
=653  \\$aSustainable development
=653  \\$acities
=653  \\$acopenhagen
=653  \\$ahealth policy
=653  \\$apolitics
=653  \\$asustainable development
=653  \\$aurban health
=710  2\$aWorld Health Organization.
=720  \\$aWorld Health Organization. Regional Office for Europe
=856  4\$uhttps://policycommons.net/artifacts/3454809/annual-business-meeting-and-technical-conference-2022/4255130/$yWorld Health Organization document$ahttps://policycommons.net/
=859  \\$aORR$bWorld Health Organization
=884  \\$aLDL ebooks tsv to marcxml transformation using XSLTtest.xsl$g20230811$qUk
=CAT  \\$aBATCH-IGO$b00$c20230822$lBLL01$h1133
=CAT  \\$aBATCH-UPD$b00$c20230822$lBLL01$h1135
=FIN  \\$aY$d20230822
=SRC  \\$aCoherent Digital WHO$bwhoJuly23.mrc
=LAS  \\$aBATCH-UPD$b00$c20230822$lBLL01$h1135

