=LDR  01684nam a22004693i 4500
=001  021182954
=003  Uk
=005  20230822113336.0
=006  m\\\\||\\d\|\\\\\\
=007  cr\|||||||||||
=008  230811s2023\\\\sz\|||||o\\\\||||\||eng\\
=FMT  \\$a  BK
=037  \\$bWHO
=040  \\$aVaAlCD$beng$cVaAlCD$dUk
=041  \\$aeng
=245  00$aInfection prevention and control in the context of coronavirus disease (‎COVID-19)‎: a living guideline, 13 January 2023 /$cWorld Health Organization.
=264  \1$a[Switzerland] :$bWorld Health Organization,$c2023.
=300  \\$a1 online resource.
=336  \\$atext$2rdacontent
=337  \\$acomputer$2rdamedia
=338  \\$aonline resource$2rdacarrier
=520  3\$a78 p.
=653  \\$aCOVID-19
=653  \\$abetacoronavirus
=653  \\$acoronavirus infections
=653  \\$acovid-19
=653  \\$adisease outbreaks
=653  \\$ageneva
=653  \\$aguideline
=653  \\$ainfection control
=653  \\$amasks
=653  \\$aprevention and control
=710  2\$aWorld Health Organization.
=720  \\$aWorld Health Organization
=856  4\$uhttps://policycommons.net/artifacts/3370599/infection-prevention-and-control-in-the-context-of-coronavirus-disease-covid-19/4169267/$yWorld Health Organization document$ahttps://policycommons.net/
=859  \\$aORR$bWorld Health Organization
=884  \\$aLDL ebooks tsv to marcxml transformation using XSLTtest.xsl$g20230811$qUk
=CAT  \\$aBATCH-IGO$b00$c20230822$lBLL01$h1133
=CAT  \\$aBATCH-UPD$b00$c20230822$lBLL01$h1135
=FIN  \\$aY$d20230822
=SRC  \\$aCoherent Digital WHO$bwhoJuly23.mrc
=LAS  \\$aBATCH-UPD$b00$c20230822$lBLL01$h1135

