=LDR  02345nam a22004693i 4500
=001  021182955
=003  Uk
=005  20230822113336.0
=006  m\\\\||\\d\|\\\\\\
=007  cr\|||||||||||
=008  230811s2023\\\\sz\|||||o\\\\||||\||eng\\
=FMT  \\$a  BK
=037  \\$bWHO
=040  \\$aVaAlCD$beng$cVaAlCD$dUk
=041  \\$aeng
=245  00$aTenth meeting of the Working Group on Health in Climate Change (‎HIC)‎ of the European Environment and Health Task Force: meeting report: virtual session, 11-12 October 2022 /$cWorld Health Organization. Regional Office for Europe.
=264  \1$a[Switzerland] :$bWorld Health Organization,$c2023.
=300  \\$a1 online resource.
=336  \\$atext$2rdacontent
=337  \\$acomputer$2rdamedia
=338  \\$aonline resource$2rdacarrier
=520  3\$aOn 11 and 12 October 2022, the Working Group on Health in Climate Change (‎HIC)‎ of the European Environment and Health Task Force convened virtually for its tenth annual meeting. The aim of the meeting was to review recentdevelopments in climate change and health and identify possible climate-change related outcomes for the Seventh Ministerial Conference on Environment and Health (‎Budapest, Hungary, 5-7 July 2023)‎. The Working Group unanimously elected two new Co-Chairs.
=653  \\$aClimate Change
=653  \\$aEnvironmental Health
=653  \\$aHealth Policy
=653  \\$aPublic Health
=653  \\$aclimate change
=653  \\$acopenhagen
=653  \\$aenvironmental health
=653  \\$aenvironment and public health
=653  \\$ahealth policy
=653  \\$apublic health
=710  2\$aWorld Health Organization.
=720  \\$aWorld Health Organization. Regional Office for Europe
=856  4\$uhttps://policycommons.net/artifacts/3447178/tenth-meeting-of-the-working-group-on-health-in-climate-change-hic-of-the-european-environment-and-health-task-force/4247360/$yWorld Health Organization document$ahttps://policycommons.net/
=859  \\$aORR$bWorld Health Organization
=884  \\$aLDL ebooks tsv to marcxml transformation using XSLTtest.xsl$g20230811$qUk
=CAT  \\$aBATCH-IGO$b00$c20230822$lBLL01$h1133
=CAT  \\$aBATCH-UPD$b00$c20230822$lBLL01$h1135
=FIN  \\$aY$d20230822
=SRC  \\$aCoherent Digital WHO$bwhoJuly23.mrc
=LAS  \\$aBATCH-UPD$b00$c20230822$lBLL01$h1135

