=LDR  02706nam a22004213i 4500
=001  021182956
=003  Uk
=005  20230822113336.0
=006  m\\\\||\\d\|\\\\\\
=007  cr\|||||||||||
=008  230811s2023\\\\sz\|||||o\\\\||||\||eng\\
=FMT  \\$a  BK
=037  \\$bWHO
=040  \\$aVaAlCD$beng$cVaAlCD$dUk
=041  \\$aeng
=245  00$aSpecial report on the 36th meeting of the European Regional Certification Commission for Poliomyelitis Eradication: Copenhagen, Denmark, 19-20 October 2022: twenty years of polio-free status in the WHO European Region /$cWorld Health Organization. Regional Office for Europe.
=264  \1$a[Switzerland] :$bWorld Health Organization,$c2023.
=300  \\$a1 online resource.
=336  \\$atext$2rdacontent
=337  \\$acomputer$2rdamedia
=338  \\$aonline resource$2rdacarrier
=520  3\$aThe 36th meeting of the European Regional Certification Commission for Poliomyelitis Eradication (‎RCC)‎, held on 19-20 October 2022, reviewed annual updates submitted by the Member States of the WHO European Region on the status of the national polio eradication programme in 2021. The RCC concluded, based on available evidence, that there was no wild poliovirus (‎WPV)‎ transmission in the WHO European Region in 2021. The RCC also concluded that Bosnia and Herzegovina, Montenegro, Romania and Ukraine are at high risk of a sustained polio outbreak in the event of importation of WPV or emergence of circulating vaccine-derived poliovirus due to suboptimal programme performance, particularly low population immunity. The conclusions of the RCC marked 20 years of sustained polio-free status in the European Region, which was commemorated with a special press briefing and high-level event held on World Polio Day, 24 October 2022, at UN City in Copenhagen, Denmark.
=653  \\$aEurope
=653  \\$aPoliomyelitis
=653  \\$acopenhagen
=653  \\$aeurope
=653  \\$apoliomyelitis
=653  \\$apoliovirus
=710  2\$aWorld Health Organization.
=720  \\$aWorld Health Organization. Regional Office for Europe
=856  4\$uhttps://policycommons.net/artifacts/3447164/special-report-on-the-36th-meeting-of-the-european-regional-certification-commission-for-poliomyelitis-eradication/4247336/$yWorld Health Organization document$ahttps://policycommons.net/
=859  \\$aORR$bWorld Health Organization
=884  \\$aLDL ebooks tsv to marcxml transformation using XSLTtest.xsl$g20230811$qUk
=CAT  \\$aBATCH-IGO$b00$c20230822$lBLL01$h1133
=CAT  \\$aBATCH-UPD$b00$c20230822$lBLL01$h1135
=FIN  \\$aY$d20230822
=SRC  \\$aCoherent Digital WHO$bwhoJuly23.mrc
=LAS  \\$aBATCH-UPD$b00$c20230822$lBLL01$h1135

