=LDR  03430nam a22005293i 4500
=001  021182962
=003  Uk
=005  20230822113336.0
=006  m\\\\||\\d\|\\\\\\
=007  cr\|||||||||||
=008  230811s2023\\\\sz\|||||o\\\\||||\||eng\\
=FMT  \\$a  BK
=037  \\$bWHO
=040  \\$aVaAlCD$beng$cVaAlCD$dUk
=041  \\$aeng
=245  00$aAccess of Syrian refugees to COVID-19 testing in Lebanon /$cAli Ghaddar.
=264  \1$a[Switzerland] :$bWorld Health Organization,$c2023.
=300  \\$a1 online resource.
=336  \\$atext$2rdacontent
=337  \\$acomputer$2rdamedia
=338  \\$aonline resource$2rdacarrier
=520  3\$aBackground: Polymerase chain reaction is a well-known method for testing COVID-19 infection, however, refugee populations often face difficulties in accessing testing. Several structural and cultural challenges have hindered access of Syrian refugees to COVID-19 testing in Lebanon, including financial barriers, stigma, and low perception of vulnerability. Aims: To explore barriers to accessing COVID-19 testing by Syrian refugees in Lebanon. Methods: This qualitative study conducted 10 focus group discussions among Syrian refugees and 21 individual semistructured interviews with healthcare workers. Ethical approval was obtained from the Institutional Review Board of the Lebanese International University, and the study followed the ethical principles of the Declaration of Helsinki. Results: Syrian refugees in Lebanon did not consider COVID-19 testing to be important. Despite the availability of free testing services, psychological, cultural, environmental, and financial barriers hindered them from getting tested. Some of them relied on consultation with pharmacists, who were easy to access and provided symptomatic treatment without the need to test for COVID-19. Fear of stigma, deportation, and isolation were common cultural barriers. Testing was considered unnecessary because of the perception of low disease severity and an attitude of negligence towards preventive practices. The harsh economic and living conditions were of greater concern to the refugees. Conclusion: Findings from this study add to existing literature regarding the social and cultural barriers to COVID-19 testing among Syrian refugees and should be considered when tailoring health promotion campaigns to halt the spread of the COVID-19 pandemic.
=653  \\$aCOVID-19
=653  \\$aLebanon
=653  \\$aPsychology
=653  \\$aRefugees
=653  \\$aSyrian Arab Republic
=653  \\$abetacoronavirus
=653  \\$acairo
=653  \\$acoronavirus disease (‎covid-19)‎
=653  \\$acovid-19
=653  \\$adiagnosis
=653  \\$adisease outbreaks
=653  \\$alebanon
=653  \\$apsychology
=653  \\$arefugees
=653  \\$asyria
=700  1\$aAli Ghaddar.
=710  2\$aWorld Health Organization.
=856  4\$uhttps://policycommons.net/artifacts/3450984/access-of-syrian-refugees-to-covid-19-testing-in-lebanon/4251236/$yWorld Health Organization document$ahttps://policycommons.net/
=859  \\$aORR$bWorld Health Organization
=884  \\$aLDL ebooks tsv to marcxml transformation using XSLTtest.xsl$g20230811$qUk
=CAT  \\$aBATCH-IGO$b00$c20230822$lBLL01$h1133
=CAT  \\$aBATCH-UPD$b00$c20230822$lBLL01$h1135
=FIN  \\$aY$d20230822
=SRC  \\$aCoherent Digital WHO$bwhoJuly23.mrc
=LAS  \\$aBATCH-UPD$b00$c20230822$lBLL01$h1135

