=LDR  03424nam a22005173i 4500
=001  021182974
=003  Uk
=005  20230822113336.0
=006  m\\\\||\\d\|\\\\\\
=007  cr\|||||||||||
=008  230811s2023\\\\sz\|||||o\\\\||||\||eng\\
=FMT  \\$a  BK
=037  \\$bWHO
=040  \\$aVaAlCD$beng$cVaAlCD$dUk
=041  \\$aeng
=245  03$aAn ecological study of the burden of road traffic crashes in the Middle East and North Africa /$cKarima Chaabna.
=264  \1$a[Switzerland] :$bWorld Health Organization,$c2023.
=300  \\$a1 online resource.
=336  \\$atext$2rdacontent
=337  \\$acomputer$2rdamedia
=338  \\$aonline resource$2rdacarrier
=520  3\$aBackground: Road traffic injuries (‎RTIs)‎ and deaths constitute a serious preventable global public health problem. Aims: To analyse time trends of age-standardized mortality rates and disability-adjusted life years (‎DALYs)‎ caused by RTIs in 23 Middle East and North Africa (‎MENA)‎ countries.
=520  3\$aand to assess the correlation between national implementation of best practice for road safety recommended by the World Health Organization, national income level, and RTI burden. Methods: Time trend analysis over 17 years (‎2000-2016)‎ was conducted using Joinpoint regression. An overall score was calculated for each country to assess implementation of best practice for road safety. Results: Mortality decreased significantly (‎P &lt.
=520  3\$a0.05)‎ in Islamic Republic of Iran, Jordan, Kuwait, Lebanon, Morocco, Oman, Qatar, and Tunisia. In most MENA countries, DALYs increased but they significantly decreased in the Islamic Republic of Iran. The score calculated varied widely among the MENA countries. In 2016, no correlation was identified between the overall score and mortality and DALYs. National income was not associated with RTI mortality or the calculated overall score. Conclusion: Countries in the MENA region had varying levels of success in reducing the burden from RTIs. During the Decade of Action for Road Safety 2021-2030, MENA countries can achieve optimal road safety by implementing measures that are customized for the local context, such as law enforcement and public education. Other focus areas for improving road safety are building capacity in sustainable safety management and leadership, improving vehicle standards, and addressing gaps in areas such as use of child restraint.
=653  \\$aJordan
=653  \\$aLebanon
=653  \\$aTraffic Accidents
=653  \\$aTunisia
=653  \\$aaccidents, traffic
=653  \\$acairo
=653  \\$airan
=653  \\$ajordan
=653  \\$alebanon
=653  \\$aprevention & control
=653  \\$atraffic accidents
=653  \\$atunisia
=700  1\$aKarima Chaabna.
=710  2\$aWorld Health Organization.
=856  4\$uhttps://policycommons.net/artifacts/3524522/an-ecological-study-of-the-burden-of-road-traffic-crashes-in-the-middle-east-and-north-africa/4325176/$yWorld Health Organization document$ahttps://policycommons.net/
=859  \\$aORR$bWorld Health Organization
=884  \\$aLDL ebooks tsv to marcxml transformation using XSLTtest.xsl$g20230811$qUk
=CAT  \\$aBATCH-IGO$b00$c20230822$lBLL01$h1133
=CAT  \\$aBATCH-UPD$b00$c20230822$lBLL01$h1135
=FIN  \\$aY$d20230822
=SRC  \\$aCoherent Digital WHO$bwhoJuly23.mrc
=LAS  \\$aBATCH-UPD$b00$c20230822$lBLL01$h1135

