=LDR  03347nam a22005173i 4500
=001  021182977
=003  Uk
=005  20230822113337.0
=006  m\\\\||\\d\|\\\\\\
=007  cr\|||||||||||
=008  230811s2023\\\\sz\|||||o\\\\||||\||eng\\
=FMT  \\$a  BK
=037  \\$bWHO
=040  \\$aVaAlCD$beng$cVaAlCD$dUk
=041  \\$aeng
=245  00$aPost-COVID-19 syndrome among healthcare workers in Jordan /$cDana Hyassat.
=264  \1$a[Switzerland] :$bWorld Health Organization,$c2023.
=300  \\$a1 online resource.
=336  \\$atext$2rdacontent
=337  \\$acomputer$2rdamedia
=338  \\$aonline resource$2rdacarrier
=520  3\$aBackground: Post-COVID-19 syndrome covers a wide range of new, recurring or ongoing health conditions, which can occur in anyone who has recovered from COVID-19. The condition may affect multiple systems and organs. Aims: To evaluate the frequency and nature of persistent COVID-19 symptoms among healthcare providers in Jordan. Methods: Post-COVID-19 syndrome refers to symptoms extending beyond 4-12 weeks. We conducted a historical cohort study among 140 healthcare staff employed at the National Center for Diabetes, Endocrinology and Genetics, Amman, Jordan. All of them had been infected with COVID-19 virus during March 2020 to February 2022. Data were collected through face-to-face interviews using a structured questionnaire. Results: Some 59.3% of the study population reported more than 1 persisting COVID-19 symptom, and among them 97.5%, 62.6% and 40.9% reported more than 1 COVID-19 symptom at 1-3, 3-6 and 6-12 months, respectively, after the acute phase of the infection. Post-COVID-19 syndrome was more prevalent among females than males (‎79.5% vs 20.5%)‎ (‎P = 0.006)‎. The most frequent reported symptom was fatigue. Females scored higher on the Fatigue Assessment Scale than males [‎23.26, standard deviation (‎SD)‎ 8.00 vs 17.53, SD 5.40]‎ (‎P &lt.
=520  3\$a0.001)‎. No significant cognitive impairment was detected using the Mini-Mental State Examination and the Montreal Cognitive Assessment scales. Conclusion: More than half (‎59.3%)‎ of the healthcare workers in our study reported post-COVID-19 syndrome. Further studies are needed to better understand the frequency and severity of the syndrome among different population groups.
=653  \\$aCOVID-19
=653  \\$aEpidemiology
=653  \\$aJordan
=653  \\$abetacoronavirus
=653  \\$acairo
=653  \\$acohort studies
=653  \\$acoronavirus disease (‎covid-19)‎
=653  \\$acovid-19
=653  \\$adisease outbreaks
=653  \\$aepidemiology
=653  \\$afatigue
=653  \\$ahealth personnel
=653  \\$ajordan
=700  1\$aDana Hyassat.
=710  2\$aWorld Health Organization.
=856  4\$uhttps://policycommons.net/artifacts/3936848/post-covid-19-syndrome-among-healthcare-workers-in-jordan/4743863/$yWorld Health Organization document$ahttps://policycommons.net/
=859  \\$aORR$bWorld Health Organization
=884  \\$aLDL ebooks tsv to marcxml transformation using XSLTtest.xsl$g20230811$qUk
=CAT  \\$aBATCH-IGO$b00$c20230822$lBLL01$h1133
=CAT  \\$aBATCH-UPD$b00$c20230822$lBLL01$h1135
=FIN  \\$aY$d20230822
=SRC  \\$aCoherent Digital WHO$bwhoJuly23.mrc
=LAS  \\$aBATCH-UPD$b00$c20230822$lBLL01$h1135

