=LDR  03621nam a22005533i 4500
=001  021182978
=003  Uk
=005  20230822113337.0
=006  m\\\\||\\d\|\\\\\\
=007  cr\|||||||||||
=008  230811s2023\\\\sz\|||||o\\\\||||\||eng\\
=FMT  \\$a  BK
=037  \\$bWHO
=040  \\$aVaAlCD$beng$cVaAlCD$dUk
=041  \\$aeng
=245  00$aSkin problems associated with the use of personal protective equipment by healthcare workers during COVID-19 pandemic in Türkiye /$cGülsün Ö. Aydın.
=264  \1$a[Switzerland] :$bWorld Health Organization,$c2023.
=300  \\$a1 online resource.
=336  \\$atext$2rdacontent
=337  \\$acomputer$2rdamedia
=338  \\$aonline resource$2rdacarrier
=520  3\$aBackground: Skin problems associated with the use of personal protective equipment (‎PPE)‎ have been reported during the COVID-19 pandemic. Aims: To determine the skin problems experienced by healthcare workers in Türkiye who used PPE during COVID-19 and the effect of these problems on their quality-of-life. Methods: This cross-sectional study was conducted from 30 November 2020 to 30 May 2021. Data were collected from 404 healthcare workers recruited via social media. Participants completed a skin problem evaluation form and Skindex-16, which measures the effects of skin disease on quality-of-life. The t test and ANOVA were used to analyse differences between the means. Results: Most (‎85.1%)‎ of the participants were nurses and 38.6% worked in COVID-19 intensive care units. All the participants wore gloves (‎53.2% wore double gloves)‎, 99.3% wore surgical masks and 56.2% wore protective glasses. They washed their hands on average 31.94 [‎standard deviation (‎SD)‎ 27.55]‎ times a day. Skin problems developed were mostly around the forehead, hands, nose, and ears. The mean (‎SD)‎ Skindex-16 score was 45.42 (‎26.31)‎. Based on Skindex scores, respondents with chronic skin problems had a significantly lower quality-of-life than those without skin problems, as did those who developed skin problems during the COVID-19 pandemic than those who did not (‎P &lt.
=520  3\$a0.001)‎. Conclusion: Skin problems associated with the use of PPE increased during the COVID-19 pandemic and these affected the quality-of-life of healthcare workers. Further studies should evaluate how to minimize adverse reactions due to PPE use.
=653  \\$aCOVID-19
=653  \\$aEpidemics
=653  \\$aEpidemiology
=653  \\$aadverse effects
=653  \\$abetacoronavirus
=653  \\$acairo
=653  \\$acoronavirus disease (‎covid-19)‎
=653  \\$acovid-19
=653  \\$across-sectional studies
=653  \\$adisease outbreaks
=653  \\$aepidemiology
=653  \\$ahealth personnel
=653  \\$apandemics
=653  \\$apersonal protective equipment
=653  \\$aprevention & control
=653  \\$asars-cov-2
=700  1\$aGülsün Ö. Aydın.
=710  2\$aWorld Health Organization.
=856  4\$uhttps://policycommons.net/artifacts/3936836/skin-problems-associated-with-the-use-of-personal-protective-equipment-by-healthcare-workers-during-covid-19-pandemic-in-turkiye/4744325/$yWorld Health Organization document$ahttps://policycommons.net/
=859  \\$aORR$bWorld Health Organization
=884  \\$aLDL ebooks tsv to marcxml transformation using XSLTtest.xsl$g20230811$qUk
=CAT  \\$aBATCH-IGO$b00$c20230822$lBLL01$h1133
=CAT  \\$aBATCH-UPD$b00$c20230822$lBLL01$h1135
=FIN  \\$aY$d20230822
=SRC  \\$aCoherent Digital WHO$bwhoJuly23.mrc
=LAS  \\$aBATCH-UPD$b00$c20230822$lBLL01$h1135

