=LDR  01919nam a22005653i 4500
=001  021182982
=003  Uk
=005  20230822113337.0
=006  m\\\\||\\d\|\\\\\\
=007  cr\|||||||||||
=008  230811s2023\\\\sz\|||||o\\\\||||\||eng\\
=FMT  \\$a  BK
=037  \\$bWHO
=040  \\$aVaAlCD$beng$cVaAlCD$dUk
=041  \\$aeng
=245  00$aWHO country office, Libya: annual report 2022 /$cWorld Health Organization. Regional Office for the Eastern Mediterranean.
=264  \1$a[Switzerland] :$bWorld Health Organization,$c2023.
=300  \\$a1 online resource.
=336  \\$atext$2rdacontent
=337  \\$acomputer$2rdamedia
=338  \\$aonline resource$2rdacarrier
=520  3\$a48 p.
=653  \\$aCOVID-19
=653  \\$aHealth Services
=653  \\$aLibya
=653  \\$aPrimary Health Care
=653  \\$aannual report
=653  \\$abetacoronavirus
=653  \\$acairo
=653  \\$acommunicable disease control
=653  \\$acovid-19
=653  \\$adisease outbreaks
=653  \\$ahealth services
=653  \\$ahealth status
=653  \\$ahealth systems
=653  \\$alibya
=653  \\$anoncommunicable diseases
=653  \\$aprevention & control
=653  \\$aprimary health care
=653  \\$aworld health organization
=710  2\$aWorld Health Organization.
=720  \\$aWorld Health Organization. Regional Office for the Eastern Mediterranean
=856  4\$uhttps://policycommons.net/artifacts/3936838/who-country-office-libya/4743756/$yWorld Health Organization document$ahttps://policycommons.net/
=859  \\$aORR$bWorld Health Organization
=884  \\$aLDL ebooks tsv to marcxml transformation using XSLTtest.xsl$g20230811$qUk
=CAT  \\$aBATCH-IGO$b00$c20230822$lBLL01$h1133
=CAT  \\$aBATCH-UPD$b00$c20230822$lBLL01$h1135
=FIN  \\$aY$d20230822
=SRC  \\$aCoherent Digital WHO$bwhoJuly23.mrc
=LAS  \\$aBATCH-UPD$b00$c20230822$lBLL01$h1135

