=LDR  01841nam a22004333i 4500
=001  021182989
=003  Uk
=005  20230822113337.0
=006  m\\\\||\\d\|\\\\\\
=007  cr\|||||||||||
=008  230811s2023\\\\sz\|||||o\\\\||||\||eng\\
=FMT  \\$a  BK
=037  \\$bWHO
=040  \\$aVaAlCD$beng$cVaAlCD$dUk
=041  \\$aeng
=245  00$aWHO response to the Ukraine crisis: February 2023 bulletin /$cWorld Health Organization. Regional Office for Europe.
=264  \1$a[Switzerland] :$bWorld Health Organization,$c2023.
=300  \\$a1 online resource.
=336  \\$atext$2rdacontent
=337  \\$acomputer$2rdamedia
=338  \\$aonline resource$2rdacarrier
=520  3\$aThis bulletin focuses on the situation in Ukraine and several key refugee-receiving countries (‎Bulgaria, Czechia, Hungary, Poland, Republic of Moldova, Romania, and Slovakia)‎, with the understanding that other countries in the European Region are also receiving Ukrainian refugees and WHO is providing technical support to them.
=653  \\$aRefugees
=653  \\$aUkraine
=653  \\$acopenhagen
=653  \\$aemergencies
=653  \\$arefugees
=653  \\$aukraine
=653  \\$awar exposure
=710  2\$aWorld Health Organization.
=720  \\$aWorld Health Organization. Regional Office for Europe
=856  4\$uhttps://policycommons.net/artifacts/3525875/who-response-to-the-ukraine-crisis/4326553/$yWorld Health Organization document$ahttps://policycommons.net/
=859  \\$aORR$bWorld Health Organization
=884  \\$aLDL ebooks tsv to marcxml transformation using XSLTtest.xsl$g20230811$qUk
=CAT  \\$aBATCH-IGO$b00$c20230822$lBLL01$h1133
=CAT  \\$aBATCH-UPD$b00$c20230822$lBLL01$h1135
=FIN  \\$aY$d20230822
=SRC  \\$aCoherent Digital WHO$bwhoJuly23.mrc
=LAS  \\$aBATCH-UPD$b00$c20230822$lBLL01$h1135

