=LDR  01614nam a22004453i 4500
=001  021182997
=003  Uk
=005  20230822113337.0
=006  m\\\\||\\d\|\\\\\\
=007  cr\|||||||||||
=008  230811s2023\\\\sz\|||||o\\\\||||\||eng\\
=FMT  \\$a  BK
=037  \\$bWHO
=040  \\$aVaAlCD$beng$cVaAlCD$dUk
=041  \\$aeng
=245  00$aWeekly Bulletin on Outbreak and other Emergencies: Week 20: 8-14 May 2023 /$cWorld Health Organization. Regional Office for Africa.
=264  \1$a[Switzerland] :$bWorld Health Organization,$c2023.
=300  \\$a1 online resource.
=336  \\$atext$2rdacontent
=337  \\$acomputer$2rdamedia
=338  \\$aonline resource$2rdacarrier
=653  \\$aDemocratic Republic of the Congo
=653  \\$aFloods
=653  \\$aMauritania
=653  \\$abrazzaville
=653  \\$ademocratic republic of the congo
=653  \\$afloods
=653  \\$amauritania
=653  \\$ameasles
=653  \\$amonkeypox
=710  2\$aWorld Health Organization.
=720  \\$aWorld Health Organization. Regional Office for Africa
=856  4\$uhttps://policycommons.net/artifacts/3838983/weekly-bulletin-on-outbreak-and-other-emergencies/4644875/$yWorld Health Organization document$ahttps://policycommons.net/
=859  \\$aORR$bWorld Health Organization
=884  \\$aLDL ebooks tsv to marcxml transformation using XSLTtest.xsl$g20230811$qUk
=CAT  \\$aBATCH-IGO$b00$c20230822$lBLL01$h1133
=CAT  \\$aBATCH-UPD$b00$c20230822$lBLL01$h1135
=FIN  \\$aY$d20230822
=SRC  \\$aCoherent Digital WHO$bwhoJuly23.mrc
=LAS  \\$aBATCH-UPD$b00$c20230822$lBLL01$h1135

