=LDR  03533nam a22005293i 4500
=001  021182998
=003  Uk
=005  20230822113337.0
=006  m\\\\||\\d\|\\\\\\
=007  cr\|||||||||||
=008  230811s2023\\\\sz\|||||o\\\\||||\||eng\\
=FMT  \\$a  BK
=037  \\$bWHO
=040  \\$aVaAlCD$beng$cVaAlCD$dUk
=041  \\$aeng
=245  00$aReasons for parental hesitancy or refusal of childhood vaccination in Türkiye /$cÇiğdem Tekin.
=264  \1$a[Switzerland] :$bWorld Health Organization,$c2023.
=300  \\$a1 online resource.
=336  \\$atext$2rdacontent
=337  \\$acomputer$2rdamedia
=338  \\$aonline resource$2rdacarrier
=520  3\$aBackground: Although vaccines play a critical role in the control of infectious diseases and disease outbreaks, vaccination rates have been declining in recent years because of vaccine hesitancy or refusal. Aims: We aimed to determine the rates and reasons for parental hesitancy or refusal of vaccination for their children in Türkiye. Method: A total of 1100 participants selected from 26 regions of Türkiye were involved in this cross-sectional study conducted between July 2020 and April 2021. Using a questionnaire, we collected data on the sociodemographic characteristics of parents, the status of vaccine hesitancy or refusal for their children, and reasons for the hesitancy or refusal. Using Excel and SPSS version 22.0, we analysed the data with chi-square test, Fisher's exact test and binomial logistic regression. Results: Only 9.4% of the participants were male and 29.5% were aged 33-37 years. Just over 11% said they were worried about childhood vaccination, mainly because of the chemicals used in manufacturing the vaccines. The level of concern was greater among those who got information about vaccines from the internet, family members, friends, TV, radio, and newspapers. Those who used complementary health services were considerably more hesitant about vaccination than those who used mainstream services. Conclusions: Parents in Türkiye have several reasons for hesitating or refusing to vaccinate their children, key among which are concerns about the chemical composition of the vaccines and their ability to trigger negative health conditions such as autism. This study used a large sample size across Türkiye, although there were differences by region, the findings would be useful in designing interventions to counter vaccine hesitancy or refusal in the country.
=653  \\$aAutism
=653  \\$aCommunicable Diseases
=653  \\$aFamily
=653  \\$aParents
=653  \\$aTurkey
=653  \\$aVaccination
=653  \\$aautistic disorder
=653  \\$acairo
=653  \\$achild
=653  \\$acommunicable diseases
=653  \\$across-sectional studies
=653  \\$afamily
=653  \\$aparents
=653  \\$aturkey
=653  \\$avaccination
=700  1\$aÇiğdem Tekin.
=710  2\$aWorld Health Organization.
=856  4\$uhttps://policycommons.net/artifacts/4305850/reasons-for-parental-hesitancy-or-refusal-of-childhood-vaccination-in-turkiye/5116035/$yWorld Health Organization document$ahttps://policycommons.net/
=859  \\$aORR$bWorld Health Organization
=884  \\$aLDL ebooks tsv to marcxml transformation using XSLTtest.xsl$g20230811$qUk
=CAT  \\$aBATCH-IGO$b00$c20230822$lBLL01$h1133
=CAT  \\$aBATCH-UPD$b00$c20230822$lBLL01$h1135
=FIN  \\$aY$d20230822
=SRC  \\$aCoherent Digital WHO$bwhoJuly23.mrc
=LAS  \\$aBATCH-UPD$b00$c20230822$lBLL01$h1135

