=LDR  01968nam a22005053i 4500
=001  021182999
=003  Uk
=005  20230822113337.0
=006  m\\\\||\\d\|\\\\\\
=007  cr\|||||||||||
=008  230811s2023\\\\sz\|||||o\\\\||||\||eng\\
=FMT  \\$a  BK
=037  \\$bWHO
=040  \\$aVaAlCD$beng$cVaAlCD$dUk
=041  \\$aeng
=245  00$aRegional consultation on enhancing the capacity of member states to implement anti-stigma programmes in the Eastern Mediterranean Region /$cWorld Health Organization. Regional Office for the Eastern Mediterranean.
=264  \1$a[Switzerland] :$bWorld Health Organization,$c2023.
=300  \\$a1 online resource.
=336  \\$atext$2rdacontent
=337  \\$acomputer$2rdamedia
=338  \\$aonline resource$2rdacarrier
=653  \\$aCOVID-19
=653  \\$aEpidemics
=653  \\$aMediterranean Region
=653  \\$aMental Health
=653  \\$abetacoronavirus
=653  \\$acairo
=653  \\$acovid-19
=653  \\$adisability-adjusted life years
=653  \\$adisease outbreaks
=653  \\$amediterranean region
=653  \\$amental health
=653  \\$anoncommunicable diseases
=653  \\$apandemics
=653  \\$asocial stigma
=710  2\$aWorld Health Organization.
=720  \\$aWorld Health Organization. Regional Office for the Eastern Mediterranean
=856  4\$uhttps://policycommons.net/artifacts/4305847/regional-consultation-on-enhancing-the-capacity-of-member-states-to-implement-anti-stigma-programmes-in-the-eastern-mediterranean-region/5116004/$yWorld Health Organization document$ahttps://policycommons.net/
=859  \\$aORR$bWorld Health Organization
=884  \\$aLDL ebooks tsv to marcxml transformation using XSLTtest.xsl$g20230811$qUk
=CAT  \\$aBATCH-IGO$b00$c20230822$lBLL01$h1133
=CAT  \\$aBATCH-UPD$b00$c20230822$lBLL01$h1135
=FIN  \\$aY$d20230822
=SRC  \\$aCoherent Digital WHO$bwhoJuly23.mrc
=LAS  \\$aBATCH-UPD$b00$c20230822$lBLL01$h1135

