=LDR  02744nam a22004453i 4500
=001  021183000
=003  Uk
=005  20230822113337.0
=006  m\\\\||\\d\|\\\\\\
=007  cr\|||||||||||
=008  230811s2023\\\\sz\|||||o\\\\||||\||eng\\
=FMT  \\$a  BK
=037  \\$bWHO
=040  \\$aVaAlCD$beng$cVaAlCD$dUk
=041  \\$aeng
=245  00$aCase studies of health system recovery in Ukraine: focus on the role of the private sector /$cWorld Health Organization. Regional Office for Europe.
=264  \1$a[Switzerland] :$bWorld Health Organization,$c2023.
=300  \\$a1 online resource.
=336  \\$atext$2rdacontent
=337  \\$acomputer$2rdamedia
=338  \\$aonline resource$2rdacarrier
=520  3\$aOn 24th February 2022, the Russian Federation launched a full-scale invasion of Ukraine, resulting insubstantial civilian casualties, the displacement of millions of people, and widespread destruction of socialand economic infrastructure. Despite immense pressures and ongoing attacks on healthcare, the healthsystem in areas under the control of the Government of Ukraine has demonstrated resilience, maintainedits functionality and it already undertaking efforts to rebuild and recover. This report documents fourcase studies of current modalities related to health system recovery in Ukraine and the role played bythe private sector and other nongovernmental actors in this process. The report is intended to shedlight on some of the important roles being played by different nongovernmental actors in the recoveryand early rebuilding processes, outlining possibilities for future scale-up, critical issues to be addressedfurther and potential partnerships to be formed, in the attempt to 'build back better' - creating a healthsystem that progresses towards universal health coverage for the population of Ukraine.
=653  \\$aArmed Conflicts
=653  \\$aUkraine
=653  \\$aarmed conflicts
=653  \\$acopenhagen
=653  \\$ahealth facilities
=653  \\$ahealth systems plans
=653  \\$astakeholder participation
=653  \\$aukraine
=710  2\$aWorld Health Organization.
=720  \\$aWorld Health Organization. Regional Office for Europe
=856  4\$uhttps://policycommons.net/artifacts/4308725/case-studies-of-health-system-recovery-in-ukraine/5119096/$yWorld Health Organization document$ahttps://policycommons.net/
=859  \\$aORR$bWorld Health Organization
=884  \\$aLDL ebooks tsv to marcxml transformation using XSLTtest.xsl$g20230811$qUk
=CAT  \\$aBATCH-IGO$b00$c20230822$lBLL01$h1133
=CAT  \\$aBATCH-UPD$b00$c20230822$lBLL01$h1135
=FIN  \\$aY$d20230822
=SRC  \\$aCoherent Digital WHO$bwhoJuly23.mrc
=LAS  \\$aBATCH-UPD$b00$c20230822$lBLL01$h1135

