=LDR  01961nam a22005053i 4500
=001  021183002
=003  Uk
=005  20230822113337.0
=006  m\\\\||\\d\|\\\\\\
=007  cr\|||||||||||
=008  230811s2023\\\\sz\|||||o\\\\||||\||eng\\
=FMT  \\$a  BK
=037  \\$bWHO
=040  \\$aVaAlCD$beng$cVaAlCD$dUk
=041  \\$aeng
=245  00$aSummary report on the seminar on case studies on evidence-informed policy-making: experiences and success stories during the COVID-19 pandemic, Cairo, Egypt 26-27 October 2022 /$cWorld Health Organization. Regional Office for the Eastern Mediterranean.
=264  \1$a[Switzerland] :$bWorld Health Organization,$c2023.
=300  \\$a1 online resource.
=336  \\$atext$2rdacontent
=337  \\$acomputer$2rdamedia
=338  \\$aonline resource$2rdacarrier
=520  3\$a8:00 PM.
=653  \\$aCommunicable Diseases
=653  \\$aCOVID-19
=653  \\$aMediterranean Region
=653  \\$aSustainable development
=653  \\$abetacoronavirus
=653  \\$acairo
=653  \\$acase reports
=653  \\$acommunicable diseases
=653  \\$acovid-19
=653  \\$adisease outbreaks
=653  \\$amediterranean region
=653  \\$apolicy making
=653  \\$asustainable development
=710  2\$aWorld Health Organization.
=720  \\$aWorld Health Organization. Regional Office for the Eastern Mediterranean
=856  4\$uhttps://policycommons.net/artifacts/3936834/summary-report-on-the-seminar-on-case-studies-on-evidence-informed-policy-making/4743322/$yWorld Health Organization document$ahttps://policycommons.net/
=859  \\$aORR$bWorld Health Organization
=884  \\$aLDL ebooks tsv to marcxml transformation using XSLTtest.xsl$g20230811$qUk
=CAT  \\$aBATCH-IGO$b00$c20230822$lBLL01$h1133
=CAT  \\$aBATCH-UPD$b00$c20230822$lBLL01$h1135
=FIN  \\$aY$d20230822
=SRC  \\$aCoherent Digital WHO$bwhoJuly23.mrc
=LAS  \\$aBATCH-UPD$b00$c20230822$lBLL01$h1135

