=LDR  02172nam a22004813i 4500
=001  021183005
=003  Uk
=005  20230822113337.0
=006  m\\\\||\\d\|\\\\\\
=007  cr\|||||||||||
=008  230811s2023\\\\sz\|||||o\\\\||||\||eng\\
=FMT  \\$a  BK
=037  \\$bWHO
=040  \\$aVaAlCD$beng$cVaAlCD$dUk
=041  \\$aeng
=245  00$aSummary report on the side meeting on evaluating progress on the implementation of the framework for action for the hospital sector and strengthening hospital resilience in the Eastern Mediterranean Region, Dubai, United Arab Emirates, 12 November 2022 /$cWorld Health Organization. Regional Office for the Eastern Mediterranean.
=264  \1$a[Switzerland] :$bWorld Health Organization,$c2023.
=300  \\$a1 online resource.
=336  \\$atext$2rdacontent
=337  \\$acomputer$2rdamedia
=338  \\$aonline resource$2rdacarrier
=520  3\$a10:00 PM.
=653  \\$aHospitals
=653  \\$aMediterranean Region
=653  \\$aPrimary Health Care
=653  \\$aSustainable development
=653  \\$acairo
=653  \\$ahospitals
=653  \\$ahospitals and health facilities
=653  \\$amediterranean region
=653  \\$aprimary health care
=653  \\$asustainable development
=653  \\$auniversal health insurance
=710  2\$aWorld Health Organization.
=720  \\$aWorld Health Organization. Regional Office for the Eastern Mediterranean
=856  4\$uhttps://policycommons.net/artifacts/3444211/summary-report-on-the-side-meeting-on-evaluating-progress-on-the-implementation-of-the-framework-for-action-for-the-hospital-sector-and-strengthening-hospital-resilience-in-the-eastern-mediterranean-region-dubai-united-arab-emirates-12-november-2022/4244248/$yWorld Health Organization document$ahttps://policycommons.net/
=859  \\$aORR$bWorld Health Organization
=884  \\$aLDL ebooks tsv to marcxml transformation using XSLTtest.xsl$g20230811$qUk
=CAT  \\$aBATCH-IGO$b00$c20230822$lBLL01$h1133
=CAT  \\$aBATCH-UPD$b00$c20230822$lBLL01$h1135
=FIN  \\$aY$d20230822
=SRC  \\$aCoherent Digital WHO$bwhoJuly23.mrc
=LAS  \\$aBATCH-UPD$b00$c20230822$lBLL01$h1135

