=LDR  01644nam a22004333i 4500
=001  021183006
=003  Uk
=005  20230822113337.0
=006  m\\\\||\\d\|\\\\\\
=007  cr\|||||||||||
=008  230811s2023\\\\sz\|||||o\\\\||||\||eng\\
=FMT  \\$a  BK
=037  \\$bWHO
=040  \\$aVaAlCD$beng$cVaAlCD$dUk
=041  \\$aeng
=245  00$aTrends in maternal mortality 2000 to 2020: estimates by WHO, UNICEF, UNFPA, World Bank Group and UNDESA/Population Division /$cUnited Nations Maternal Mortality Estimation Inter-agency Group.
=264  \1$a[Switzerland] :$bWorld Health Organization,$c2023.
=300  \\$a1 online resource.
=336  \\$atext$2rdacontent
=337  \\$acomputer$2rdamedia
=338  \\$aonline resource$2rdacarrier
=520  3\$axvii, 86 p.
=653  \\$aMaternal Mortality
=653  \\$adata collection
=653  \\$ageneva
=653  \\$amaternal health
=653  \\$amaternal mortality
=653  \\$amodels, statistical
=653  \\$atrends
=710  2\$aWorld Health Organization.
=720  \\$aUnited Nations Maternal Mortality Estimation Inter-agency Group
=856  4\$uhttps://policycommons.net/artifacts/3451852/trends-in-maternal-mortality-2000-to-2020/4252177/$yWorld Health Organization document$ahttps://policycommons.net/
=859  \\$aORR$bWorld Health Organization
=884  \\$aLDL ebooks tsv to marcxml transformation using XSLTtest.xsl$g20230811$qUk
=CAT  \\$aBATCH-IGO$b00$c20230822$lBLL01$h1133
=CAT  \\$aBATCH-UPD$b00$c20230822$lBLL01$h1135
=FIN  \\$aY$d20230822
=SRC  \\$aCoherent Digital WHO$bwhoJuly23.mrc
=LAS  \\$aBATCH-UPD$b00$c20230822$lBLL01$h1135

