=LDR  02277nam a22004093i 4500
=001  021183010
=003  Uk
=005  20230822113337.0
=006  m\\\\||\\d\|\\\\\\
=007  cr\|||||||||||
=008  230811s2023\\\\sz\|||||o\\\\||||\||eng\\
=FMT  \\$a  BK
=037  \\$bWHO
=040  \\$aVaAlCD$beng$cVaAlCD$dUk
=041  \\$aeng
=245  00$aSecond meeting of the European Regional Laboratory Task Force for High Threat Pathogens: Antalya, Türkiye, 21-23 June 2023 /$cWorld Health Organization. Regional Office for Europe.
=264  \1$a[Switzerland] :$bWorld Health Organization,$c2023.
=300  \\$a1 online resource.
=336  \\$atext$2rdacontent
=337  \\$acomputer$2rdamedia
=338  \\$aonline resource$2rdacarrier
=520  3\$aInternational networks for laboratory surveillance, preparedness and response are an important tool for laboratory strengthening, because they serve both as a platform for sharing information and expertise, and as a system for the referral of diagnostic specimens for primary and confirmatory testing. A number of European Region priority countries of the WHO Health Emergencies Programme (‎WHE)‎ do not participate in international laboratory preparedness and response networks for High Threat Pathogens (‎HTPs)‎. To address this gap, the WHO Regional Office for Europe established the European Regional Laboratory Task Force for High Threat Pathogens (‎Lab Task Force)‎.
=653  \\$aLaboratories
=653  \\$acopenhagen
=653  \\$adisease outbreaks
=653  \\$aemergencies
=653  \\$alaboratories
=710  2\$aWorld Health Organization.
=720  \\$aWorld Health Organization. Regional Office for Europe
=856  4\$uhttps://policycommons.net/artifacts/3524343/second-meeting-of-the-european-regional-laboratory-task-force-for-high-threat-pathogens/4324997/$yWorld Health Organization document$ahttps://policycommons.net/
=859  \\$aORR$bWorld Health Organization
=884  \\$aLDL ebooks tsv to marcxml transformation using XSLTtest.xsl$g20230811$qUk
=CAT  \\$aBATCH-IGO$b00$c20230822$lBLL01$h1133
=CAT  \\$aBATCH-UPD$b00$c20230822$lBLL01$h1135
=FIN  \\$aY$d20230822
=SRC  \\$aCoherent Digital WHO$bwhoJuly23.mrc
=LAS  \\$aBATCH-UPD$b00$c20230822$lBLL01$h1135

