=LDR  01708nam a22004933i 4500
=001  021183011
=003  Uk
=005  20230822113337.0
=006  m\\\\||\\d\|\\\\\\
=007  cr\|||||||||||
=008  230811s2023\\\\sz\|||||o\\\\||||\||eng\\
=FMT  \\$a  BK
=037  \\$bWHO
=040  \\$aVaAlCD$beng$cVaAlCD$dUk
=041  \\$aeng
=245  00$aPrevention and control of microbiological hazards in fresh fruits and vegetables: part 3: sprout: meeting report /$cWorld Health Organization.
=264  \1$a[Switzerland] :$bWorld Health Organization,$c2023.
=300  \\$a1 online resource.
=336  \\$atext$2rdacontent
=337  \\$acomputer$2rdamedia
=338  \\$aonline resource$2rdacarrier
=520  3\$axvii, 81 p.
=653  \\$aMicrobiology
=653  \\$aRisk Assessment
=653  \\$aSeeds
=653  \\$aVegetables
=653  \\$afood contamination
=653  \\$afood safety
=653  \\$amethods
=653  \\$amicrobiology
=653  \\$arisk assessment
=653  \\$arome
=653  \\$aseeds
=653  \\$avegetables
=710  2\$aWorld Health Organization.
=720  \\$aWorld Health Organization
=856  4\$uhttps://policycommons.net/artifacts/3450663/prevention-and-control-of-microbiological-hazards-in-fresh-fruits-and-vegetables/4250923/$yWorld Health Organization document$ahttps://policycommons.net/
=859  \\$aORR$bWorld Health Organization
=884  \\$aLDL ebooks tsv to marcxml transformation using XSLTtest.xsl$g20230811$qUk
=CAT  \\$aBATCH-IGO$b00$c20230822$lBLL01$h1133
=CAT  \\$aBATCH-UPD$b00$c20230822$lBLL01$h1135
=FIN  \\$aY$d20230822
=SRC  \\$aCoherent Digital WHO$bwhoJuly23.mrc
=LAS  \\$aBATCH-UPD$b00$c20230822$lBLL01$h1135

