=LDR  03088nam a22004453i 4500
=001  021183018
=003  Uk
=005  20230822113337.0
=006  m\\\\||\\d\|\\\\\\
=007  cr\|||||||||||
=008  230811s2023\\\\sz\|||||o\\\\||||\||eng\\
=FMT  \\$a  BK
=037  \\$bWHO
=040  \\$aVaAlCD$beng$cVaAlCD$dUk
=041  \\$aeng
=245  00$aEighth high-level meeting of the Small Countries Initiative: Bečići (‎Budva)‎, Montenegro, 2-3 June 2022: towards better health and well-being in the small countries in the WHO European Region: meeting report /$cWorld Health Organization. Regional Office for Europe.
=264  \1$a[Switzerland] :$bWorld Health Organization,$c2023.
=300  \\$a1 online resource.
=336  \\$atext$2rdacontent
=337  \\$acomputer$2rdamedia
=338  \\$aonline resource$2rdacarrier
=520  3\$aThe Small Countries Initiative (‎SCI)‎ is a WHO Regional Office for Europe platform that enables countries with populations of 2 million and less to work together on sharing experiences in addressing common issues with the aim of improving health in the WHO European Region and beyond. SCI's annual high-level meetings provide a forum for countries to come together, report on progress and plan future joint activities. The Eighth high-level meeting of the SCI, entitled 'Towards better heath and well-being in the small countries in the WHO European Region', took place in Bečići (‎Budva)‎, Montenegro, on 2-3 June 2022, the first in-person meeting of the Initiative since 2019. It brought the 11 member countries together, along with other partners, to discuss how to strengthen health-system preparedness and response, mobilize financial and human resources, and strengthen health and well-being through sustainable tourism. The 'Roadmap towards better health in small countries of the WHO European Region, 2022-2025' and the Montenegro Statement were adopted during the meeting. While placing health at the centre of sustainable tourism, the countries made concrete commitments to better addressing uncertainty, emergency response and recovery, financial hardship, and the lack of human resources for health.
=653  \\$aHealth Policy
=653  \\$aMontenegro
=653  \\$acopenhagen
=653  \\$afinancing, organized
=653  \\$ahealth policy
=653  \\$ahealth systems plans
=653  \\$amontenegro
=653  \\$asustainable growth
=710  2\$aWorld Health Organization.
=720  \\$aWorld Health Organization. Regional Office for Europe
=856  4\$uhttps://policycommons.net/artifacts/3447726/eighth-high-level-meeting-of-the-small-countries-initiative/4247895/$yWorld Health Organization document$ahttps://policycommons.net/
=859  \\$aORR$bWorld Health Organization
=884  \\$aLDL ebooks tsv to marcxml transformation using XSLTtest.xsl$g20230811$qUk
=CAT  \\$aBATCH-IGO$b00$c20230822$lBLL01$h1133
=CAT  \\$aBATCH-UPD$b00$c20230822$lBLL01$h1135
=FIN  \\$aY$d20230822
=SRC  \\$aCoherent Digital WHO$bwhoJuly23.mrc
=LAS  \\$aBATCH-UPD$b00$c20230822$lBLL01$h1135

