=LDR  02696nam a22004453i 4500
=001  021183027
=003  Uk
=005  20230822113337.0
=006  m\\\\||\\d\|\\\\\\
=007  cr\|||||||||||
=008  230811s2023\\\\sz\|||||o\\\\||||\||eng\\
=FMT  \\$a  BK
=037  \\$bWHO
=040  \\$aVaAlCD$beng$cVaAlCD$dUk
=041  \\$aeng
=245  00$aAssessing the health impacts of waste management in the context of the circular economy /$cWorld Health Organization. Regional Office for Europe.
=264  \1$a[Switzerland] :$bWorld Health Organization,$c2023.
=300  \\$a1 online resource.
=336  \\$atext$2rdacontent
=337  \\$acomputer$2rdamedia
=338  \\$aonline resource$2rdacarrier
=520  3\$aThe circular economy (‎CE)‎ is about increasing re-use, recycling and energy recovery from existing resources, whilst minimizing disposal. This report considers the public health implications for CE transition relevant to the waste sector. The use of health impact assessment (‎HIA)‎ is considered as a tool to support strategic and project level decisions about waste management policy and infrastructure. Six HIA case-studies and a literature review are presented, pointing to potential win-wins for the CE and population health. This is particularly the case when it is technically and economically feasible to transition from unsanitary landfill that releases hazardous leachate or open air burning of waste, to modern well operated and maintained energy and materials recovery practices that have greatly reduced health risk profiles. HIA that considers the wider determinants of health and health inequalities can articulate the benefits and risks, supporting more sustainable development practices.
=653  \\$aSustainable development
=653  \\$aWaste Management
=653  \\$acopenhagen
=653  \\$ahealth impact assessment
=653  \\$ahealth risk
=653  \\$ascope of practice
=653  \\$asustainable development
=653  \\$awaste management
=710  2\$aWorld Health Organization.
=720  \\$aWorld Health Organization. Regional Office for Europe
=856  4\$uhttps://policycommons.net/artifacts/3527912/assessing-the-health-impacts-of-waste-management-in-the-context-of-the-circular-economy/4328711/$yWorld Health Organization document$ahttps://policycommons.net/
=859  \\$aORR$bWorld Health Organization
=884  \\$aLDL ebooks tsv to marcxml transformation using XSLTtest.xsl$g20230811$qUk
=CAT  \\$aBATCH-IGO$b00$c20230822$lBLL01$h1133
=CAT  \\$aBATCH-UPD$b00$c20230822$lBLL01$h1135
=FIN  \\$aY$d20230822
=SRC  \\$aCoherent Digital WHO$bwhoJuly23.mrc
=LAS  \\$aBATCH-UPD$b00$c20230822$lBLL01$h1135

