=LDR  01868nam a22004333i 4500
=001  021183041
=003  Uk
=005  20230822113337.0
=006  m\\\\||\\d\|\\\\\\
=007  cr\|||||||||||
=008  230811s2023\\\\sz\|||||o\\\\||||\||eng\\
=FMT  \\$a  BK
=037  \\$bWHO
=040  \\$aVaAlCD$beng$cVaAlCD$dUk
=041  \\$aeng
=245  00$aWhat can intersectoral governance do to strengthen the health and care workforce? Structures and mechanisms to improve the education, employment and retention of health and care workers /$cEuropean Observatory on Health Systems and Policies.
=264  \1$a[Switzerland] :$bWorld Health Organization,$c2023.
=300  \\$a1 online resource.
=336  \\$atext$2rdacontent
=337  \\$acomputer$2rdamedia
=338  \\$aonline resource$2rdacarrier
=520  3\$a32 p.
=653  \\$aHealth Policy
=653  \\$acopenhagen
=653  \\$ahealth policy
=653  \\$ahealth systems plans
=653  \\$aintersectoral collaboration
=653  \\$aorganization and administration
=653  \\$apersonnel staffing and scheduling
=710  2\$aWorld Health Organization.
=720  \\$aEuropean Observatory on Health Systems and Policies
=856  4\$uhttps://policycommons.net/artifacts/3529321/what-can-intersectoral-governance-do-to-strengthen-the-health-and-care-workforce-structures-and-mechanisms-to-improve-the-education-employment-and-retention-of-health-and-care-workers/4330199/$yWorld Health Organization document$ahttps://policycommons.net/
=859  \\$aORR$bWorld Health Organization
=884  \\$aLDL ebooks tsv to marcxml transformation using XSLTtest.xsl$g20230811$qUk
=CAT  \\$aBATCH-IGO$b00$c20230822$lBLL01$h1133
=CAT  \\$aBATCH-UPD$b00$c20230822$lBLL01$h1135
=FIN  \\$aY$d20230822
=SRC  \\$aCoherent Digital WHO$bwhoJuly23.mrc
=LAS  \\$aBATCH-UPD$b00$c20230822$lBLL01$h1135

