=LDR  02939nam a22004453i 4500
=001  021183042
=003  Uk
=005  20230822113337.0
=006  m\\\\||\\d\|\\\\\\
=007  cr\|||||||||||
=008  230811s2023\\\\sz\|||||o\\\\||||\||eng\\
=FMT  \\$a  BK
=037  \\$bWHO
=040  \\$aVaAlCD$beng$cVaAlCD$dUk
=041  \\$aeng
=245  00$aPatient safety culture and attitudes among emergency care unit nurses in Türkiye /$cAzize Aydemir.
=264  \1$a[Switzerland] :$bWorld Health Organization,$c2023.
=300  \\$a1 online resource.
=336  \\$atext$2rdacontent
=337  \\$acomputer$2rdamedia
=338  \\$aonline resource$2rdacarrier
=520  3\$aBackground: Nurses have a key role in ensuring the safety of patients, reducing the likelihood of errors and improving patient outcomes. Aims: This study aimed to determine the factors affecting patient safety, with a focus on the culture and attitudes of nurses working in emergency units. Method: This cross-sectional, descriptive, correlational study was conducted between 10 January and 30 August 2015 among 282 nurses who worked at emergency units of 19 hospitals in the north-central Black Sea Region of Türkiye Data were obtained using descriptive information forms, the Patient Safety Attitude Scale (‎PSAS)‎ and the Patient Safety Culture Scale (‎PSCS)‎. Results: The mean total PSAS score was 152.26 [‎standard deviation (‎SD)‎ 22.54.
=520  3\$arange 46-230]‎, while the mean total PSCS score was 2.56 (‎SD 0.52.
=520  3\$arange 1-4)‎. Around a quarter of the participants reported errors, such as medication errors and patient falls, which threatened patient safety in the emergency units. The case report forms were not filled when these errors occurred. Conclusion: Attitude and culture of nurses in hospital emergency units towards patient safety differed according to their sociodemographic and work-life characteristics, including being satisfied with working in the emergency room, quality of work-life balance, level of job satisfaction, and number of years working in the emergency room.
=653  \\$aTurkey
=653  \\$aattitude of health personnel
=653  \\$acairo
=653  \\$ahealth systems
=653  \\$apatient safety
=653  \\$aturkey
=700  1\$aAzize Aydemir.
=710  2\$aWorld Health Organization.
=856  4\$uhttps://policycommons.net/artifacts/3534092/patient-safety-culture-and-attitudes-among-emergency-care-unit-nurses-in-turkiye/4335304/$yWorld Health Organization document$ahttps://policycommons.net/
=859  \\$aORR$bWorld Health Organization
=884  \\$aLDL ebooks tsv to marcxml transformation using XSLTtest.xsl$g20230811$qUk
=CAT  \\$aBATCH-IGO$b00$c20230822$lBLL01$h1133
=CAT  \\$aBATCH-UPD$b00$c20230822$lBLL01$h1135
=FIN  \\$aY$d20230822
=SRC  \\$aCoherent Digital WHO$bwhoJuly23.mrc
=LAS  \\$aBATCH-UPD$b00$c20230822$lBLL01$h1135

