=LDR  03108nam a22005053i 4500
=001  021183043
=003  Uk
=005  20230822113337.0
=006  m\\\\||\\d\|\\\\\\
=007  cr\|||||||||||
=008  230811s2023\\\\sz\|||||o\\\\||||\||eng\\
=FMT  \\$a  BK
=037  \\$bWHO
=040  \\$aVaAlCD$beng$cVaAlCD$dUk
=041  \\$aeng
=245  00$aSituation analysis of optometric education in the Eastern Mediterranean Region /$cYazan Gammoh.
=264  \1$a[Switzerland] :$bWorld Health Organization,$c2023.
=300  \\$a1 online resource.
=336  \\$atext$2rdacontent
=337  \\$acomputer$2rdamedia
=338  \\$aonline resource$2rdacarrier
=520  3\$aBackground: There is a scarcity of research evidence on the state of optometry education in the Eastern Mediterranean Region (‎EMR)‎. Aims: To assess the state of optometry education in the EMR and provide evidence for policymakers and stakeholders. Methods: Twenty-two purposively selected key academic stakeholders from 21 countries and the Eastern Mediterranean Council of Optometry completed a semi-structured optometry situation analysis questionnaire about the state of optometry education in their respective countries between August 2021 and January 2022. Data was analysed using SPSS version 25. Results: Data from 19 (‎86%)‎ of the 21 countries and 1 territory were included in this analysis. Eight (‎36.4%)‎ countries offered bachelor's degree programmes and 5 (‎22.7%)‎ offered a diploma, 6 (‎27.3%)‎ countries did not offer any optometry education. Saudi Arabia offered a doctor of optometry programme. Programmes were accredited by an accreditation body through periodic quality audits in 7 countries. Morocco had the highest average number of graduates per annum (‎n = 305)‎, while Yemen had only 20. Conclusion: EMR countries differ in the number of optometry education programmes offered, as well as in their curricular competency levels and systems to monitor quality standards. There is a need for regional collaboration to harmonize and improve the quality of optometry education in the EMR.
=653  \\$aEducation
=653  \\$aMediterranean Region
=653  \\$aMorocco
=653  \\$aSaudi Arabia
=653  \\$aYemen
=653  \\$acairo
=653  \\$aeducation
=653  \\$amediterranean region
=653  \\$amorocco
=653  \\$anoncommunicable diseases
=653  \\$aoptometry
=653  \\$asaudi arabia
=653  \\$ayemen
=700  1\$aYazan Gammoh.
=710  2\$aWorld Health Organization.
=856  4\$uhttps://policycommons.net/artifacts/3534089/situation-analysis-of-optometric-education-in-the-eastern-mediterranean-region/4335299/$yWorld Health Organization document$ahttps://policycommons.net/
=859  \\$aORR$bWorld Health Organization
=884  \\$aLDL ebooks tsv to marcxml transformation using XSLTtest.xsl$g20230811$qUk
=CAT  \\$aBATCH-IGO$b00$c20230822$lBLL01$h1133
=CAT  \\$aBATCH-UPD$b00$c20230822$lBLL01$h1135
=FIN  \\$aY$d20230822
=SRC  \\$aCoherent Digital WHO$bwhoJuly23.mrc
=LAS  \\$aBATCH-UPD$b00$c20230822$lBLL01$h1135

