=LDR  01876nam a22004333i 4500
=001  021183056
=003  Uk
=005  20230822113337.0
=006  m\\\\||\\d\|\\\\\\
=007  cr\|||||||||||
=008  230811s2023\\\\sz\|||||o\\\\||||\||eng\\
=FMT  \\$a  BK
=037  \\$bWHO
=040  \\$aVaAlCD$beng$cVaAlCD$dUk
=041  \\$aeng
=245  00$aRapid Response Mobile Laboratories (‎RRMLs)‎: what's in a mobile laboratory? /$cWorld Health Organization. Regional Office for Europe.
=264  \1$a[Switzerland] :$bWorld Health Organization,$c2023.
=300  \\$a1 online resource.
=336  \\$atext$2rdacontent
=337  \\$acomputer$2rdamedia
=338  \\$aonline resource$2rdacarrier
=520  3\$aThe Rapid Response Mobile Laboratory (‎RRML)‎ Network is a core asset of the Global Outbreak Alert and Response Network (‎GOARN)‎. Mobile laboratories are an essential part of the global health emergency workforce that provides surge capacity aimed at strengthening the preparedness and response of Member States.
=653  \\$aLaboratories
=653  \\$acopenhagen
=653  \\$adiagnosis
=653  \\$aemergencies
=653  \\$aemergency
=653  \\$aemergency responders
=653  \\$alaboratories
=710  2\$aWorld Health Organization.
=720  \\$aWorld Health Organization. Regional Office for Europe
=856  4\$uhttps://policycommons.net/artifacts/3447727/rapid-response-mobile-laboratories-rrmls/4247892/$yWorld Health Organization document$ahttps://policycommons.net/
=859  \\$aORR$bWorld Health Organization
=884  \\$aLDL ebooks tsv to marcxml transformation using XSLTtest.xsl$g20230811$qUk
=CAT  \\$aBATCH-IGO$b00$c20230822$lBLL01$h1133
=CAT  \\$aBATCH-UPD$b00$c20230822$lBLL01$h1135
=FIN  \\$aY$d20230822
=SRC  \\$aCoherent Digital WHO$bwhoJuly23.mrc
=LAS  \\$aBATCH-UPD$b00$c20230822$lBLL01$h1135

