=LDR  01777nam a22004453i 4500
=001  021183062
=003  Uk
=005  20230822113337.0
=006  m\\\\||\\d\|\\\\\\
=007  cr\|||||||||||
=008  230811s2023\\\\sz\|||||o\\\\||||\||spa\\
=FMT  \\$a  BK
=037  \\$bWHO
=040  \\$aVaAlCD$beng$cVaAlCD$dUk
=041  \\$aspa
=245  00$aEstudios de vigilancia centinela de la resistencia adquirida por el VIH contra el dolutegravir en personas tratadas con este antirretrovírico en un esquema combinado /$cOrganización Mundial de la Salud.
=264  \1$a[Switzerland] :$bWorld Health Organization,$c2023.
=300  \\$a1 online resource.
=336  \\$atext$2rdacontent
=337  \\$acomputer$2rdamedia
=338  \\$aonline resource$2rdacarrier
=520  3\$aviii, 17 p.
=653  \\$aAids
=653  \\$aanti-retroviral agents
=653  \\$adrug resistance
=653  \\$adrug therapy
=653  \\$aginebra
=653  \\$ahealth surveys
=653  \\$ahiv infections
=653  \\$atherapeutic use
=710  2\$aWorld Health Organization.
=720  \\$aOrganización Mundial de la Salud
=856  4\$uhttps://policycommons.net/artifacts/3496082/estudios-de-vigilancia-centinela-de-la-resistencia-adquirida-por-el-vih-contra-el-dolutegravir-en-personas-tratadas-con-este-antirretrovirico-en-un-esquema-combinado/4296672/$yWorld Health Organization document$ahttps://policycommons.net/
=859  \\$aORR$bWorld Health Organization
=884  \\$aLDL ebooks tsv to marcxml transformation using XSLTtest.xsl$g20230811$qUk
=CAT  \\$aBATCH-IGO$b00$c20230822$lBLL01$h1133
=CAT  \\$aBATCH-UPD$b00$c20230822$lBLL01$h1135
=FIN  \\$aY$d20230822
=SRC  \\$aCoherent Digital WHO$bwhoJuly23.mrc
=LAS  \\$aBATCH-UPD$b00$c20230822$lBLL01$h1135

