=LDR  02611nam a22004933i 4500
=001  021183066
=003  Uk
=005  20230822113337.0
=006  m\\\\||\\d\|\\\\\\
=007  cr\|||||||||||
=008  230811s2023\\\\sz\|||||o\\\\||||\||eng\\
=FMT  \\$a  BK
=037  \\$bWHO
=040  \\$aVaAlCD$beng$cVaAlCD$dUk
=245  00$aSubstance use atlas 2021 /$cWorld Health Organization. Regional Office for the Eastern Mediterranean.
=264  \1$a[Switzerland] :$bWorld Health Organization,$c2023.
=300  \\$a1 online resource.
=336  \\$atext$2rdacontent
=337  \\$acomputer$2rdamedia
=338  \\$aonline resource$2rdacarrier
=520  3\$aThe Substance use atlas 2021 reports on progress made in the implementation of the regional framework for action to strengthen the public health response to substance use which was endorsed in 2019 at the 66th session of the Regional Committee for the Eastern Mediterranean Region. Following endorsement of the regional framework the Regional Committee mandated WHO to monitor and report biennially on its implementation. The atlas maps the resources and capacities of the countries of the Region to respond to the problems of substance use. It also highlights challenges and gaps and identifies areas where the public health response to substance use problems needs to be strengthened. The atlas provides aggregated regional information and individual country profiles with detailed information on available resources and capacities at the country level.
=653  \\$aAtlases
=653  \\$aInternational Cooperation
=653  \\$aMediterranean Region
=653  \\$aatlas
=653  \\$acairo
=653  \\$aepidemiological monitoring
=653  \\$ahealth care sector
=653  \\$ahealth promotion
=653  \\$ainternational cooperation
=653  \\$amediterranean region
=653  \\$anoncommunicable diseases
=653  \\$apreventive health services
=653  \\$asubstance-related disorders
=710  2\$aWorld Health Organization.
=720  \\$aWorld Health Organization. Regional Office for the Eastern Mediterranean
=856  4\$uhttps://policycommons.net/artifacts/3754031/substance-use-atlas-2021/$yWorld Health Organization document$ahttps://policycommons.net/
=859  \\$aORR$bWorld Health Organization
=884  \\$aLDL ebooks tsv to marcxml transformation using XSLTtest.xsl$g20230811$qUk
=CAT  \\$aBATCH-IGO$b00$c20230822$lBLL01$h1133
=CAT  \\$aBATCH-UPD$b00$c20230822$lBLL01$h1135
=FIN  \\$aY$d20230822
=SRC  \\$aCoherent Digital WHO$bwhoJuly23.mrc
=LAS  \\$aBATCH-UPD$b00$c20230822$lBLL01$h1135

