=LDR  01729nam a22004333i 4500
=001  021183071
=003  Uk
=005  20230822113337.0
=006  m\\\\||\\d\|\\\\\\
=007  cr\|||||||||||
=008  230811s2023\\\\sz\|||||o\\\\||||\||spa\\
=FMT  \\$a  BK
=037  \\$bWHO
=040  \\$aVaAlCD$beng$cVaAlCD$dUk
=041  \\$aspa
=245  00$aMarco de aplicación de la iniciativa mundial contra el cáncer de mama: evaluación, fortalecimiento y expansión de los servicios de detección precoz y tratamiento del cáncer de mama: resumen ejecutivo /$cOrganización Mundial de la Salud.
=264  \1$a[Switzerland] :$bWorld Health Organization,$c2023.
=300  \\$a1 online resource.
=336  \\$atext$2rdacontent
=337  \\$acomputer$2rdamedia
=338  \\$aonline resource$2rdacarrier
=520  3\$a16 p.
=653  \\$abreast neoplasms
=653  \\$adelivery of health care
=653  \\$aearly detection of cancer
=653  \\$aearly diagnosis
=653  \\$aginebra
=653  \\$aneoplasm invasiveness
=653  \\$awomen's health services
=710  2\$aWorld Health Organization.
=720  \\$aOrganización Mundial de la Salud
=856  4\$uhttps://policycommons.net/artifacts/3442573/marco-de-aplicacion-de-la-iniciativa-mundial-contra-el-cancer-de-mama/4242562/$yWorld Health Organization document$ahttps://policycommons.net/
=859  \\$aORR$bWorld Health Organization
=884  \\$aLDL ebooks tsv to marcxml transformation using XSLTtest.xsl$g20230811$qUk
=CAT  \\$aBATCH-IGO$b00$c20230822$lBLL01$h1133
=CAT  \\$aBATCH-UPD$b00$c20230822$lBLL01$h1135
=FIN  \\$aY$d20230822
=SRC  \\$aCoherent Digital WHO$bwhoJuly23.mrc
=LAS  \\$aBATCH-UPD$b00$c20230822$lBLL01$h1135

