=LDR  01846nam a22004213i 4500
=001  021183073
=003  Uk
=005  20230822113337.0
=006  m\\\\||\\d\|\\\\\\
=007  cr\|||||||||||
=008  230811s2023\\\\sz\|||||o\\\\||||\||eng\\
=FMT  \\$a  BK
=037  \\$bWHO
=040  \\$aVaAlCD$beng$cVaAlCD$dUk
=245  00$aHEARTS: технічний пакет заходів для ведення пацієнтів із серцево-судинними захворюваннями на рівні первинної медичної допомоги: доступ до основних лікарських засобів і технологій /$cВсесвітня організація охорони здоров'я.
=264  \1$a[Switzerland] :$bWorld Health Organization,$c2023.
=300  \\$a1 online resource.
=336  \\$atext$2rdacontent
=337  \\$acomputer$2rdamedia
=338  \\$aonline resource$2rdacarrier
=520  3\$a44 c.
=653  \\$aPrimary Health Care
=653  \\$acardiovascular diseases
=653  \\$aclinical protocols
=653  \\$adisease management
=653  \\$amyocardial infarction
=653  \\$aprimary health care
=653  \\$aкопенгаген
=700  1\$aВсесвітня організація охорони здоров'я.
=710  2\$aWorld Health Organization.
=856  4\$uhttps://policycommons.net/artifacts/3447728/hearts/4247894/$yWorld Health Organization document$ahttps://policycommons.net/
=859  \\$aORR$bWorld Health Organization
=884  \\$aLDL ebooks tsv to marcxml transformation using XSLTtest.xsl$g20230811$qUk
=CAT  \\$aBATCH-IGO$b00$c20230822$lBLL01$h1133
=CAT  \\$aBATCH-UPD$b00$c20230822$lBLL01$h1135
=FIN  \\$aY$d20230822
=SRC  \\$aCoherent Digital WHO$bwhoJuly23.mrc
=LAS  \\$aBATCH-UPD$b00$c20230822$lBLL01$h1135

