=LDR  02250nam a22005653i 4500
=001  021183075
=003  Uk
=005  20230822113337.0
=006  m\\\\||\\d\|\\\\\\
=007  cr\|||||||||||
=008  230811s2023\\\\sz\|||||o\\\\||||\||fre\\
=FMT  \\$a  BK
=037  \\$bWHO
=040  \\$aVaAlCD$beng$cVaAlCD$dUk
=041  \\$afre
=245  00$aMaintien de la prestation et de l'utilisation des services de santé de la mère, du nouveau né, de l'enfant et de l'adolescent et de la personne âgée pendant la pandémie de COVID 19 : Népal : le rôle critique du sous groupe pour la santé reproductive /$cOrganisation mondiale de la Santé.
=264  \1$a[Switzerland] :$bWorld Health Organization,$c2023.
=300  \\$a1 online resource.
=336  \\$atext$2rdacontent
=337  \\$acomputer$2rdamedia
=338  \\$aonline resource$2rdacarrier
=520  3\$a7:00 PM.
=653  \\$aCOVID-19
=653  \\$aEpidemics
=653  \\$aMaternal Mortality
=653  \\$aNepal
=653  \\$aReproductive Health
=653  \\$aadolescent health services
=653  \\$achild health services
=653  \\$acovid-19
=653  \\$adelivery of health care
=653  \\$adisaster planning
=653  \\$agenève
=653  \\$ahealth services for the aged
=653  \\$ahealth services needs and demand
=653  \\$amaternal health services
=653  \\$amaternal mortality
=653  \\$anepal
=653  \\$apandemics
=653  \\$areproductive health
=710  2\$aWorld Health Organization.
=720  \\$aOrganisation mondiale de la Santé
=856  4\$uhttps://policycommons.net/artifacts/3412870/maintien-de-la-prestation-et-de-lutilisation-des-services-de-sante-de-la-mere-du-nouveau-ne-de-lenfant-et-de-ladolescent-et-de-la-personne-agee-pendant-la-pandemie-de-covid-19/4212298/$yWorld Health Organization document$ahttps://policycommons.net/
=859  \\$aORR$bWorld Health Organization
=884  \\$aLDL ebooks tsv to marcxml transformation using XSLTtest.xsl$g20230811$qUk
=CAT  \\$aBATCH-IGO$b00$c20230822$lBLL01$h1133
=CAT  \\$aBATCH-UPD$b00$c20230822$lBLL01$h1135
=FIN  \\$aY$d20230822
=SRC  \\$aCoherent Digital WHO$bwhoJuly23.mrc
=LAS  \\$aBATCH-UPD$b00$c20230822$lBLL01$h1135

