=LDR  01986nam a22004573i 4500
=001  021183076
=003  Uk
=005  20230822113337.0
=006  m\\\\||\\d\|\\\\\\
=007  cr\|||||||||||
=008  230811s2023\\\\sz\|||||o\\\\||||\||fre\\
=FMT  \\$a  BK
=037  \\$bWHO
=040  \\$aVaAlCD$beng$cVaAlCD$dUk
=041  \\$afre
=245  00$aNote technique conjointe et orientations futures sur la situation des mortinaissances pour la Méditerranée orientale, les États arabes, le Moyen-Orient et l'Afrique du Nord, Janvier 2023 /$cOrganisation mondiale de la Santé. Bureau régional de la Méditerranée orientale.
=264  \1$a[Switzerland] :$bWorld Health Organization,$c2023.
=300  \\$a1 online resource.
=336  \\$atext$2rdacontent
=337  \\$acomputer$2rdamedia
=338  \\$aonline resource$2rdacarrier
=520  3\$a12:00 PM.
=653  \\$aMediterranean Region
=653  \\$aMiddle East
=653  \\$aafrica, southern
=653  \\$acaire
=653  \\$amaternal, reproductive and child health
=653  \\$amediterranean region
=653  \\$amiddle east
=653  \\$apregnancy outcome
=653  \\$astillbirth
=710  2\$aWorld Health Organization.
=720  \\$aOrganisation mondiale de la Santé. Bureau régional de la Méditerranée orientale
=856  4\$uhttps://policycommons.net/artifacts/3444210/note-technique-conjointe-et-orientations-futures-sur-la-situation-des-mortinaissances-pour-la-mediterranee-orientale-les-etats-arabes-le-moyen-orient-et-lafrique-du-nord-janvier-2023/4244249/$yWorld Health Organization document$ahttps://policycommons.net/
=859  \\$aORR$bWorld Health Organization
=884  \\$aLDL ebooks tsv to marcxml transformation using XSLTtest.xsl$g20230811$qUk
=CAT  \\$aBATCH-IGO$b00$c20230822$lBLL01$h1133
=CAT  \\$aBATCH-UPD$b00$c20230822$lBLL01$h1135
=FIN  \\$aY$d20230822
=SRC  \\$aCoherent Digital WHO$bwhoJuly23.mrc
=LAS  \\$aBATCH-UPD$b00$c20230822$lBLL01$h1135

