=LDR  01894nam a22004213i 4500
=001  021183081
=003  Uk
=005  20230822113337.0
=006  m\\\\||\\d\|\\\\\\
=007  cr\|||||||||||
=008  230811s2023\\\\sz\|||||o\\\\||||\||eng\\
=FMT  \\$a  BK
=037  \\$bWHO
=040  \\$aVaAlCD$beng$cVaAlCD$dUk
=245  00$aرسالة الدكتور أحمد بن سالم المنظري مدير منظمة الصحة العالمية لإقليم شرق المتوسط بمناسبة اليوم العالمي لمكافحة السل، 24 آذار/ مارس 2023 /$cمنظمة الصحة العالمية. المكتب الإقليمي لشرق المتوسط.
=264  \1$a[Switzerland] :$bWorld Health Organization,$c2023.
=300  \\$a1 online resource.
=336  \\$atext$2rdacontent
=337  \\$acomputer$2rdamedia
=338  \\$aonline resource$2rdacarrier
=520  3\$a1:00 PM.
=653  \\$aCommunicable Diseases
=653  \\$aTuberculosis
=653  \\$aanniversaries and special events
=653  \\$acommunicable diseases
=653  \\$aglobal health
=653  \\$atuberculosis
=653  \\$aالقاهرة
=700  1\$aمنظمة الصحة العالمية. المكتب الإقليمي لشرق المتوسط.
=710  2\$aWorld Health Organization.
=856  4\$uhttps://policycommons.net/artifacts/3524532/rsl-ldktwr-hmd-bn-slm-lmnzry-mdyr-mnzm-lsh-llmy-lqlym-shrq-lmtwst-bmnsb-lywm-llmy-lmkfh-lsl-24-adhr-mrs-2023/4325184/$yWorld Health Organization document$ahttps://policycommons.net/
=859  \\$aORR$bWorld Health Organization
=884  \\$aLDL ebooks tsv to marcxml transformation using XSLTtest.xsl$g20230811$qUk
=CAT  \\$aBATCH-IGO$b00$c20230822$lBLL01$h1133
=CAT  \\$aBATCH-UPD$b00$c20230822$lBLL01$h1135
=FIN  \\$aY$d20230822
=SRC  \\$aCoherent Digital WHO$bwhoJuly23.mrc
=LAS  \\$aBATCH-UPD$b00$c20230822$lBLL01$h1135

