=LDR  01577nam a22004093i 4500
=001  021183083
=003  Uk
=005  20230822113337.0
=006  m\\\\||\\d\|\\\\\\
=007  cr\|||||||||||
=008  230811s2023\\\\sz\|||||o\\\\||||\||fre\\
=FMT  \\$a  BK
=037  \\$bWHO
=040  \\$aVaAlCD$beng$cVaAlCD$dUk
=041  \\$afre
=245  00$aPlan d'action national de lutte contre la résistance aux antimicrobiens du Mali : examen des progrès dans le secteur de la santé humaine /$cOrganisation mondiale de la Santé.
=264  \1$a[Switzerland] :$bWorld Health Organization,$c2023.
=300  \\$a1 online resource.
=336  \\$atext$2rdacontent
=337  \\$acomputer$2rdamedia
=338  \\$aonline resource$2rdacarrier
=520  3\$aviii, 16 p.
=653  \\$aMali
=653  \\$adrug resistance, microbial
=653  \\$agenève
=653  \\$amali
=653  \\$aprevention and control
=710  2\$aWorld Health Organization.
=720  \\$aOrganisation mondiale de la Santé
=856  4\$uhttps://policycommons.net/artifacts/3527919/plan-daction-national-de-lutte-contre-la-resistance-aux-antimicrobiens-du-mali/4328756/$yWorld Health Organization document$ahttps://policycommons.net/
=859  \\$aORR$bWorld Health Organization
=884  \\$aLDL ebooks tsv to marcxml transformation using XSLTtest.xsl$g20230811$qUk
=CAT  \\$aBATCH-IGO$b00$c20230822$lBLL01$h1133
=CAT  \\$aBATCH-UPD$b00$c20230822$lBLL01$h1135
=FIN  \\$aY$d20230822
=SRC  \\$aCoherent Digital WHO$bwhoJuly23.mrc
=LAS  \\$aBATCH-UPD$b00$c20230822$lBLL01$h1135

