=LDR  02092nam a22005533i 4500
=001  021183090
=003  Uk
=005  20230822113338.0
=006  m\\\\||\\d\|\\\\\\
=007  cr\|||||||||||
=008  230811s2023\\\\sz\|||||o\\\\||||\||fre\\
=FMT  \\$a  BK
=037  \\$bWHO
=040  \\$aVaAlCD$beng$cVaAlCD$dUk
=041  \\$afre
=245  00$aÉléments à prendre en considération lors de la mise en oeuvre et de l'ajustement des mesures sociales et de santé publique dans le cadre de l'épidémie de COVID-19 : orientations provisoires, 30 mars 2023 /$cOrganisation mondiale de la Santé.
=264  \1$a[Switzerland] :$bWorld Health Organization,$c2023.
=300  \\$a1 online resource.
=336  \\$atext$2rdacontent
=337  \\$acomputer$2rdamedia
=338  \\$aonline resource$2rdacarrier
=520  3\$a40 p.
=653  \\$aCOVID-19
=653  \\$aEpidemics
=653  \\$aQuarantine
=653  \\$abetacoronavirus
=653  \\$acovid-19
=653  \\$adisease outbreaks
=653  \\$agenève
=653  \\$aguideline
=653  \\$ainfection control
=653  \\$anational health programs
=653  \\$apandemics
=653  \\$apatient isolation
=653  \\$aphysical distancing
=653  \\$aprevention and control
=653  \\$aquarantine
=653  \\$asars-cov-2
=653  \\$atransmission
=710  2\$aWorld Health Organization.
=720  \\$aOrganisation mondiale de la Santé
=856  4\$uhttps://policycommons.net/artifacts/3681538/elements-a-prendre-en-consideration-lors-de-la-mise-en-oeuvre-et-de-lajustement-des-mesures-sociales-et-de-sante-publique-dans-le-cadre-de-lepidemie-de-covid-19/4487475/$yWorld Health Organization document$ahttps://policycommons.net/
=859  \\$aORR$bWorld Health Organization
=884  \\$aLDL ebooks tsv to marcxml transformation using XSLTtest.xsl$g20230811$qUk
=CAT  \\$aBATCH-IGO$b00$c20230822$lBLL01$h1133
=CAT  \\$aBATCH-UPD$b00$c20230822$lBLL01$h1135
=FIN  \\$aY$d20230822
=SRC  \\$aCoherent Digital WHO$bwhoJuly23.mrc
=LAS  \\$aBATCH-UPD$b00$c20230822$lBLL01$h1135

