=LDR  01622nam a22004213i 4500
=001  021183093
=003  Uk
=005  20230822113338.0
=006  m\\\\||\\d\|\\\\\\
=007  cr\|||||||||||
=008  230811s2023\\\\sz\|||||o\\\\||||\||por\\
=FMT  \\$a  BK
=037  \\$bWHO
=040  \\$aVaAlCD$beng$cVaAlCD$dUk
=041  \\$apor
=245  00$aEncontro da Região Africana com vista a apoiar pais e cuidadores, 21 a 23 de Junho de 2022 /$cOrganização Mundial da Saúde. Escritório Regional para a África.
=264  \1$a[Switzerland] :$bWorld Health Organization,$c2023.
=300  \\$a1 online resource.
=336  \\$atext$2rdacontent
=337  \\$acomputer$2rdamedia
=338  \\$aonline resource$2rdacarrier
=520  3\$a31 p.
=653  \\$aCaregivers
=653  \\$aParents
=653  \\$abrazzaville
=653  \\$acaregivers
=653  \\$ahelping behavior
=653  \\$aparents
=710  2\$aWorld Health Organization.
=720  \\$aOrganização Mundial da Saúde. Escritório Regional para a África
=856  4\$uhttps://policycommons.net/artifacts/3525343/encontro-da-regiao-africana-com-vista-a-apoiar-pais-e-cuidadores-21-a-23-de-junho-de-2022/4326050/$yWorld Health Organization document$ahttps://policycommons.net/
=859  \\$aORR$bWorld Health Organization
=884  \\$aLDL ebooks tsv to marcxml transformation using XSLTtest.xsl$g20230811$qUk
=CAT  \\$aBATCH-IGO$b00$c20230822$lBLL01$h1133
=CAT  \\$aBATCH-UPD$b00$c20230822$lBLL01$h1135
=FIN  \\$aY$d20230822
=SRC  \\$aCoherent Digital WHO$bwhoJuly23.mrc
=LAS  \\$aBATCH-UPD$b00$c20230822$lBLL01$h1135

