=LDR  01834nam a22004573i 4500
=001  021183100
=003  Uk
=005  20230822113338.0
=006  m\\\\||\\d\|\\\\\\
=007  cr\|||||||||||
=008  230811s2023\\\\sz\|||||o\\\\||||\||fre\\
=FMT  \\$a  BK
=037  \\$bWHO
=040  \\$aVaAlCD$beng$cVaAlCD$dUk
=041  \\$afre
=245  00$aBoîte à outils sur la planification familiale et les soins complets liés à l'avortement pour le personnel chargé de soins de santé primaires : volume 1 : compétences /$cOrganisation mondiale de la Santé.
=264  \1$a[Switzerland] :$bWorld Health Organization,$c2023.
=300  \\$a1 online resource.
=336  \\$atext$2rdacontent
=337  \\$acomputer$2rdamedia
=338  \\$aonline resource$2rdacarrier
=520  3\$avii, 64 p.
=653  \\$aPrimary Health Care
=653  \\$aReproductive Health
=653  \\$aabortion, induced
=653  \\$adecision making
=653  \\$afamily planning services
=653  \\$agenève
=653  \\$ahealth workforce
=653  \\$aprimary health care
=653  \\$areproductive health
=710  2\$aWorld Health Organization.
=720  \\$aOrganisation mondiale de la Santé
=856  4\$uhttps://policycommons.net/artifacts/3527328/boite-a-outils-sur-la-planification-familiale-et-les-soins-complets-lies-a-lavortement-pour-le-personnel-charge-de-soins-de-sante-primaires/4328105/$yWorld Health Organization document$ahttps://policycommons.net/
=859  \\$aORR$bWorld Health Organization
=884  \\$aLDL ebooks tsv to marcxml transformation using XSLTtest.xsl$g20230811$qUk
=CAT  \\$aBATCH-IGO$b00$c20230822$lBLL01$h1133
=CAT  \\$aBATCH-UPD$b00$c20230822$lBLL01$h1135
=FIN  \\$aY$d20230822
=SRC  \\$aCoherent Digital WHO$bwhoJuly23.mrc
=LAS  \\$aBATCH-UPD$b00$c20230822$lBLL01$h1135

