=LDR  02710nam a22006253i 4500
=001  021183101
=003  Uk
=005  20230822113338.0
=006  m\\\\||\\d\|\\\\\\
=007  cr\|||||||||||
=008  230811s2023\\\\sz\|||||o\\\\||||\||eng\\
=FMT  \\$a  BK
=037  \\$bWHO
=040  \\$aVaAlCD$beng$cVaAlCD$dUk
=245  00$aEastern Mediterranean Health Journal [‎2023 Vol.29, Issue 3]‎ /$cWorld Health Organization. Regional Office for the Eastern Mediterranean.
=264  \1$a[Switzerland] :$bWorld Health Organization,$c2023.
=300  \\$a1 online resource.
=336  \\$atext$2rdacontent
=337  \\$acomputer$2rdamedia
=338  \\$aonline resource$2rdacarrier
=520  3\$aEastern Mediterranean Health Journal is the official health journal published by the Eastern Mediterranean Regional Office of the World Health Organization. It is a forum for the presentation and promotion of new policies and initiatives in health services.
=520  3\$aand for the exchange of ideas concepts epidemiological data research findings and other information with special reference to the Eastern Mediterranean Region. It addresses all members of the health profession medical and other health educational institutes interested NGOs WHO Collaborating Centres and individuals within and outside the Region.
=653  \\$aCOVID-19
=653  \\$aEducation
=653  \\$aMediterranean Region
=653  \\$aNatural Disasters
=653  \\$aNursing
=653  \\$aPersons With Disabilities
=653  \\$abedbugs
=653  \\$abetacoronavirus
=653  \\$acairo
=653  \\$acovid-19
=653  \\$adisabled persons
=653  \\$adisasters
=653  \\$adisease outbreaks
=653  \\$aeducation
=653  \\$ahealth care sector
=653  \\$ainfection control
=653  \\$ainformation, evidence and research
=653  \\$amediterranean region
=653  \\$anursing
=653  \\$aoptometry
=653  \\$apatient safety
=653  \\$areproductive health services
=653  \\$aworkforce
=710  2\$aWorld Health Organization.
=720  \\$aWorld Health Organization. Regional Office for the Eastern Mediterranean
=856  4\$uhttps://policycommons.net/artifacts/3535382/eastern-mediterranean-health-journal-2023-vol29-issue-3/4336699/$yWorld Health Organization document$ahttps://policycommons.net/
=859  \\$aORR$bWorld Health Organization
=884  \\$aLDL ebooks tsv to marcxml transformation using XSLTtest.xsl$g20230811$qUk
=CAT  \\$aBATCH-IGO$b00$c20230822$lBLL01$h1133
=CAT  \\$aBATCH-UPD$b00$c20230822$lBLL01$h1135
=FIN  \\$aY$d20230822
=SRC  \\$aCoherent Digital WHO$bwhoJuly23.mrc
=LAS  \\$aBATCH-UPD$b00$c20230822$lBLL01$h1135

