=LDR  02181nam a22003973i 4500
=001  021183103
=003  Uk
=005  20230822113338.0
=006  m\\\\||\\d\|\\\\\\
=007  cr\|||||||||||
=008  230811s2023\\\\sz\|||||o\\\\||||\||eng\\
=FMT  \\$a  BK
=037  \\$bWHO
=040  \\$aVaAlCD$beng$cVaAlCD$dUk
=245  00$aImproving the health of people living in prisons in the WHO European Region: the work of the Health in Prisons Programme of the WHO Regional Office for Europe, 2022-2023 /$cWorld Health Organization. Regional Office for Europe.
=264  \1$a[Switzerland] :$bWorld Health Organization,$c2023.
=300  \\$a1 online resource.
=336  \\$atext$2rdacontent
=337  \\$acomputer$2rdamedia
=338  \\$aonline resource$2rdacarrier
=520  3\$aThis document presents the Action Plan of the WHO Regional Office for Europe Health In Prisons Programme (‎HIPP)‎, adopted in 2022 for the period of 2022-2025, with the ultimate aim to improve the health of people deprived of liberty in the WHO European Region, contributing to a healthier and more humane environment within correctional facilities and impacting society at large. The Action Plan is organized according to five strategic goals, and a review of progress made until June 2023 is summarized, whilst also identifying priorities for action in the future.
=653  \\$aPrisons
=653  \\$acopenhagen
=653  \\$aprisons
=653  \\$auniversal health care
=653  \\$avulnerable populations
=710  2\$aWorld Health Organization.
=720  \\$aWorld Health Organization. Regional Office for Europe
=856  4\$uhttps://policycommons.net/artifacts/4308726/improving-the-health-of-people-living-in-prisons-in-the-who-european-region/5119097/$yWorld Health Organization document$ahttps://policycommons.net/
=859  \\$aORR$bWorld Health Organization
=884  \\$aLDL ebooks tsv to marcxml transformation using XSLTtest.xsl$g20230811$qUk
=CAT  \\$aBATCH-IGO$b00$c20230822$lBLL01$h1133
=CAT  \\$aBATCH-UPD$b00$c20230822$lBLL01$h1135
=FIN  \\$aY$d20230822
=SRC  \\$aCoherent Digital WHO$bwhoJuly23.mrc
=LAS  \\$aBATCH-UPD$b00$c20230822$lBLL01$h1135

