=LDR  02953nam a22004333i 4500
=001  021183106
=003  Uk
=005  20230822113338.0
=006  m\\\\||\\d\|\\\\\\
=007  cr\|||||||||||
=008  230811s2023\\\\sz\|||||o\\\\||||\||eng\\
=FMT  \\$a  BK
=037  \\$bWHO
=040  \\$aVaAlCD$beng$cVaAlCD$dUk
=245  00$aKendi Kendine Yardım ve Fazlası (‎KY+)‎, yetişkinler için grup temelli bir stres yönetimi kursudur. Genel saha deneme sürümü 1.0, 2021. Temel düzeyde psikolojik müdahaleler dizisi, No. 5 /$cDünya Sağlık Örgütü. Avrupa Bölge Ofisi.
=264  \1$a[Switzerland] :$bWorld Health Organization,$c2023.
=300  \\$a1 online resource.
=336  \\$atext$2rdacontent
=337  \\$acomputer$2rdamedia
=338  \\$aonline resource$2rdacarrier
=520  3\$aKendi Kendine Yardım ve Fazlası (‎KY+)‎, Dünya Sağlık Örgütü (‎DSÖ)‎ tarafından geliştirilen grup temelli bir stres yönetimi kursudur. Kurs, beş oturumdan oluşmaktadır ve zorluklardan etkilenen toplumların olduğu tüm ortamlar için uygundur. Kurs, bireylerde tanı konulabilir bir ruh sağlığı sorunu olup olmadığına bakılmaksızın yetişkinlerde psikolojik sıkıntının azaltılmasına yardımcı olmak için tasarlanmıştır. Kursun, yetişkinlerde ruhsal bozuklukların ortaya çıkmasını önlediği görülmüştür. KY+ kursunda, stres yönetimi becerilerini öğretmek amacıyla önceden hazırlanmış ses kayıtları ve resimli bir kitaptan faydalanılır. Bu yenilikçi format.
=520  3\$asüpervizyon alan, bu alanda uzman olmayan kişilerin de KY+ ile ilgili kısa bir eğitimi tamamladıktan sonra KY+ kursunu büyük gruplara (‎örneğin, bir seferde yaklaşık 30 kişiye kadar)‎ vermesine olanak tanımaktadır. KY+, DSÖ tarafından yayımlanan kanıta dayalı ölçeklenebilir psikolojik müdahalelerden biridir ve diğer ruh sağlığı müdahaleleri veya toplum programları ile birlikte kullanılabilir.
=653  \\$aMental Health
=653  \\$ahandbook
=653  \\$akopenhag
=653  \\$amental health
=653  \\$apsychotherapy, group
=653  \\$astress, psychological
=653  \\$ateaching material
=700  1\$aDünya Sağlık Örgütü. Avrupa Bölge Ofisi.
=710  2\$aWorld Health Organization.
=856  4\$uhttps://policycommons.net/artifacts/3410342/kendi-kendine-yardim-ve-fazlasi-ky-yetiskinler-icin-grup-temelli-bir-stres-yonetimi-kursudur/4209679/$yWorld Health Organization document$ahttps://policycommons.net/
=859  \\$aORR$bWorld Health Organization
=884  \\$aLDL ebooks tsv to marcxml transformation using XSLTtest.xsl$g20230811$qUk
=CAT  \\$aBATCH-IGO$b00$c20230822$lBLL01$h1133
=CAT  \\$aBATCH-UPD$b00$c20230822$lBLL01$h1135
=FIN  \\$aY$d20230822
=SRC  \\$aCoherent Digital WHO$bwhoJuly23.mrc
=LAS  \\$aBATCH-UPD$b00$c20230822$lBLL01$h1135

