=LDR  01782nam a22005173i 4500
=001  021183109
=003  Uk
=005  20230822113338.0
=006  m\\\\||\\d\|\\\\\\
=007  cr\|||||||||||
=008  230811s2023\\\\sz\|||||o\\\\||||\||por\\
=FMT  \\$a  BK
=037  \\$bWHO
=040  \\$aVaAlCD$beng$cVaAlCD$dUk
=041  \\$apor
=245  00$aRelatório da OMS sobre a epidemia mundial do tabaco, 2021: enfrentar os produtos novos e emergentes /$cOrganização Mundial da Saúde.
=264  \1$a[Switzerland] :$bWorld Health Organization,$c2023.
=300  \\$a1 online resource.
=336  \\$atext$2rdacontent
=337  \\$acomputer$2rdamedia
=338  \\$aonline resource$2rdacarrier
=520  3\$a210 p.
=653  \\$aEconomics
=653  \\$aHealth Policy
=653  \\$aPublic Health
=653  \\$aSmoking
=653  \\$aeconomics
=653  \\$aelectronic nicotine delivery systems
=653  \\$agenebra
=653  \\$ahealth policy
=653  \\$aprevention and control
=653  \\$apublic health
=653  \\$asmoking
=653  \\$ataxes
=653  \\$atobacco industry
=653  \\$atobacco products
=710  2\$aWorld Health Organization.
=720  \\$aOrganização Mundial da Saúde
=856  4\$uhttps://policycommons.net/artifacts/3524405/relatorio-da-oms-sobre-a-epidemia-mundial-do-tabaco-2021/4325056/$yWorld Health Organization document$ahttps://policycommons.net/
=859  \\$aORR$bWorld Health Organization
=884  \\$aLDL ebooks tsv to marcxml transformation using XSLTtest.xsl$g20230811$qUk
=CAT  \\$aBATCH-IGO$b00$c20230822$lBLL01$h1133
=CAT  \\$aBATCH-UPD$b00$c20230822$lBLL01$h1135
=FIN  \\$aY$d20230822
=SRC  \\$aCoherent Digital WHO$bwhoJuly23.mrc
=LAS  \\$aBATCH-UPD$b00$c20230822$lBLL01$h1135

