=LDR  02554nam a22004213i 4500
=001  021183110
=003  Uk
=005  20230822113338.0
=006  m\\\\||\\d\|\\\\\\
=007  cr\|||||||||||
=008  230811s2023\\\\sz\|||||o\\\\||||\||eng\\
=FMT  \\$a  BK
=037  \\$bWHO
=040  \\$aVaAlCD$beng$cVaAlCD$dUk
=245  00$aEnabling the implementation of health impact assessment in Portugal /$cWorld Health Organization. Regional Office for Europe.
=264  \1$a[Switzerland] :$bWorld Health Organization,$c2023.
=300  \\$a1 online resource.
=336  \\$atext$2rdacontent
=337  \\$acomputer$2rdamedia
=338  \\$aonline resource$2rdacarrier
=520  3\$aHealth impact assessment (‎HIA)‎ is a means of assessing the health impacts of policies, plans and projects in diverse economic, social and environmental sectors using quantitative, qualitative and participatory techniques. The recent Portuguese strategy for protecting and promoting public health provides an important legal and policy entry point for the strategic goal of health in all policies, and for the more operational objective of facilitating HIA implementation at the national and local levels. This could be achieved by enabling the health sector to take leadership for HIA in Portugal. This report is a summary of a two-year capacity-building project supported by the WHO Regional Office for Europe, represented by the WHO European Centre for Environment and Health, and the Portuguese Ministry of Health, represented by the National Institute of Health Dr Ricardo Jorge. The process included three capacity-building workshops and supervision of three HIA case studies in Portugal.
=653  \\$aHealth Policy
=653  \\$aPortugal
=653  \\$acopenhagen
=653  \\$ahealth impact assessment
=653  \\$ahealth policy
=653  \\$apolicy making
=653  \\$aportugal
=710  2\$aWorld Health Organization.
=720  \\$aWorld Health Organization. Regional Office for Europe
=856  4\$uhttps://policycommons.net/artifacts/3529925/enabling-the-implementation-of-health-impact-assessment-in-portugal/4330835/$yWorld Health Organization document$ahttps://policycommons.net/
=859  \\$aORR$bWorld Health Organization
=884  \\$aLDL ebooks tsv to marcxml transformation using XSLTtest.xsl$g20230811$qUk
=CAT  \\$aBATCH-IGO$b00$c20230822$lBLL01$h1133
=CAT  \\$aBATCH-UPD$b00$c20230822$lBLL01$h1135
=FIN  \\$aY$d20230822
=SRC  \\$aCoherent Digital WHO$bwhoJuly23.mrc
=LAS  \\$aBATCH-UPD$b00$c20230822$lBLL01$h1135

