=LDR  03984nam a22004573i 4500
=001  021183111
=003  Uk
=005  20230822113338.0
=006  m\\\\||\\d\|\\\\\\
=007  cr\|||||||||||
=008  230811s2023\\\\sz\|||||o\\\\||||\||eng\\
=FMT  \\$a  BK
=037  \\$bWHO
=040  \\$aVaAlCD$beng$cVaAlCD$dUk
=245  00$aОцінювання потреб дорослого населення України у сфері охорони здоров'я: звіт за результатами опитування, вересень 2022 року /$cВсесвітня організація охорони здоров'я. Європейське регіональне бюро.
=264  \1$a[Switzerland] :$bWorld Health Organization,$c2023.
=300  \\$a1 online resource.
=336  \\$atext$2rdacontent
=337  \\$acomputer$2rdamedia
=338  \\$aonline resource$2rdacarrier
=520  3\$aПовномасштабне вторгнення в Україну призвело до зниження рівня доступу до послуг із охорони здоров'я та лікарських засобів у країні, особливо для людей, які проживають у регіонах, наближених до лінії фронту, і на територіях, які є частково або повністю непідконтрольними Уряду України, а також для внутрішньо переміщених осіб. Вартість, обмеження, пов'язані з часом, необхідним для того, щоб дістатися закладів охорони здоров'я і назад, та обмеження транспортного сполучення були основними перешкодами для доступу до основних послуг із охорони здоров'я. Водночас результати свідчать про те, що система охорони здоров'я в Україні залишається стійкою, а загальний рівень доступу до послуг із охорони здоров'я є досить високим. Цей звіт ґрунтується на даних щодо потреб населення України у сфері охорони здоров'я, зібраних за допомогою кількісного поперечного опитування зі слів респондентів. У ньому представлені результати першого раунду опитування, проведеного у вересні 2022 року, які можуть допомогти задовольнити специфічні потреби відповідних груп населення у сфері охорони здоров'я.
=653  \\$aEurope
=653  \\$aHealth Services
=653  \\$aUkraine
=653  \\$aeurope
=653  \\$ahealth care quality, access, and evaluation
=653  \\$ahealth services
=653  \\$asurveys and questionnaires
=653  \\$aukraine
=653  \\$awar exposure
=653  \\$aкопенгаген
=700  1\$aВсесвітня організація охорони здоров'я. Європейське регіональне бюро.
=710  2\$aWorld Health Organization.
=856  4\$uhttps://policycommons.net/artifacts/4110921/otsiniuvannia-potreb-doroslogo-naselennia-ukrayini-u-sferi-okhoroni-zdorovia/4919208/$yWorld Health Organization document$ahttps://policycommons.net/
=859  \\$aORR$bWorld Health Organization
=884  \\$aLDL ebooks tsv to marcxml transformation using XSLTtest.xsl$g20230811$qUk
=CAT  \\$aBATCH-IGO$b00$c20230822$lBLL01$h1133
=CAT  \\$aBATCH-UPD$b00$c20230822$lBLL01$h1135
=FIN  \\$aY$d20230822
=SRC  \\$aCoherent Digital WHO$bwhoJuly23.mrc
=LAS  \\$aBATCH-UPD$b00$c20230822$lBLL01$h1135

