=LDR  03052nam a22004093i 4500
=001  021183114
=003  Uk
=005  20230822113338.0
=006  m\\\\||\\d\|\\\\\\
=007  cr\|||||||||||
=008  230811s2023\\\\sz\|||||o\\\\||||\||eng\\
=FMT  \\$a  BK
=037  \\$bWHO
=040  \\$aVaAlCD$beng$cVaAlCD$dUk
=245  00$aдоступу до лікарських засобів та медичних виробів в Україні, лютий-червень 2022 року /$cВсесвітня організація охорони здоров'я. Європейське регіональне бюро.
=264  \1$a[Switzerland] :$bWorld Health Organization,$c2023.
=300  \\$a1 online resource.
=336  \\$atext$2rdacontent
=337  \\$acomputer$2rdamedia
=338  \\$aonline resource$2rdacarrier
=520  3\$aМета цього звіту - задокументувати причини порушення доступу до лікарських засобів та медичних виробів на ранніх етапах війни в Україні. В ньому продемонстровано стійкість системи логістики фармацевтичного сектора України у контексті повномасштабного вторгнення, яке почалося в лютому 2022 року. Також у ньому проілюстровано різні прояви порушення доступу до лікарських засобів і медичних виробів та визначено низку факторів, що стали причиною такого порушення. На додачу до цього у звіті описано, як завдяки адаптації вимог законодавства та активному залученню волонтерів було пом'якшено наслідки пошкодження інфраструктури, логістичних труднощів і браку людських ресурсів.
=653  \\$aUkraine
=653  \\$ahealth services accessibility
=653  \\$apharmaceutical services
=653  \\$aukraine
=653  \\$awar exposure
=653  \\$aкопенгаген
=700  1\$aВсесвітня організація охорони здоров'я. Європейське регіональне бюро.
=710  2\$aWorld Health Organization.
=856  4\$uhttps://policycommons.net/artifacts/3457069/dostupu-do-likarskikh-zasobiv-ta-medichnikh-virobiv-v-ukrayini-liutii-cherven-2022-roku/4257521/$yWorld Health Organization document$ahttps://policycommons.net/
=859  \\$aORR$bWorld Health Organization
=884  \\$aLDL ebooks tsv to marcxml transformation using XSLTtest.xsl$g20230811$qUk
=CAT  \\$aBATCH-IGO$b00$c20230822$lBLL01$h1133
=CAT  \\$aBATCH-UPD$b00$c20230822$lBLL01$h1135
=FIN  \\$aY$d20230822
=SRC  \\$aCoherent Digital WHO$bwhoJuly23.mrc
=LAS  \\$aBATCH-UPD$b00$c20230822$lBLL01$h1135

