=LDR  01978nam a22004213i 4500
=001  021183115
=003  Uk
=005  20230822113338.0
=006  m\\\\||\\d\|\\\\\\
=007  cr\|||||||||||
=008  230811s2023\\\\sz\|||||o\\\\||||\||ger\\
=FMT  \\$a  BK
=037  \\$bWHO
=040  \\$aVaAlCD$beng$cVaAlCD$dUk
=041  \\$ager
=245  00$aUmsetzungsplan und Überwachungs- und Evaluationsrahmen für den Handlungsrahmen der WHO zur Verwirklichung eines Höchstmaßes an Gesundheit für Menschen mit Behinderungen in der Europäischen Region (‎2022-2030)‎ /$cWeltgesundheitsorganisation. Regionalbüro für Europa.
=264  \1$a[Switzerland] :$bWorld Health Organization,$c2023.
=300  \\$a1 online resource.
=336  \\$atext$2rdacontent
=337  \\$acomputer$2rdamedia
=338  \\$aonline resource$2rdacarrier
=520  3\$a51 S., Dieses Dokument ist die barrierefreie PDF-Version von Dokument EUR/RC72/BG/7.
=653  \\$aHealth Policy
=653  \\$aPersons With Disabilities
=653  \\$adisabled persons
=653  \\$ahealth policy
=653  \\$ahealth services for persons with disabilities
=653  \\$akopenhagen
=710  2\$aWorld Health Organization.
=720  \\$aWeltgesundheitsorganisation. Regionalbüro für Europa
=856  4\$uhttps://policycommons.net/artifacts/3371373/umsetzungsplan-und-uberwachungs-und-evaluationsrahmen-fur-den-handlungsrahmen-der-who-zur-verwirklichung-eines-hochstmasses-an-gesundheit-fur-menschen-mit-behinderungen-in-der-europaischen-region-2022-2030/4170178/$yWorld Health Organization document$ahttps://policycommons.net/
=859  \\$aORR$bWorld Health Organization
=884  \\$aLDL ebooks tsv to marcxml transformation using XSLTtest.xsl$g20230811$qUk
=CAT  \\$aBATCH-IGO$b00$c20230822$lBLL01$h1133
=CAT  \\$aBATCH-UPD$b00$c20230822$lBLL01$h1135
=FIN  \\$aY$d20230822
=SRC  \\$aCoherent Digital WHO$bwhoJuly23.mrc
=LAS  \\$aBATCH-UPD$b00$c20230822$lBLL01$h1135

