=LDR  01963nam a22004213i 4500
=001  021183117
=003  Uk
=005  20230822113338.0
=006  m\\\\||\\d\|\\\\\\
=007  cr\|||||||||||
=008  230811s2023\\\\sz\|||||o\\\\||||\||est\\
=FMT  \\$a  BK
=037  \\$bWHO
=040  \\$aVaAlCD$beng$cVaAlCD$dUk
=041  \\$aest
=245  00$aPraktilised õppetunnid: juhtumiuuringud tervise arvessevõtmise kohta keskkonnamõju strateegilises hindamises ja keskkonnamõju hindamises kogu Maailma Terviseorganisatsiooni (‎WHO)‎ Euroopa piirkonnas. Kokkuvõte /$cMaailma Terviseorganisatsiooni Euroopa Regionaalbüroo.
=264  \1$a[Switzerland] :$bWorld Health Organization,$c2023.
=300  \\$a1 online resource.
=336  \\$atext$2rdacontent
=337  \\$acomputer$2rdamedia
=338  \\$aonline resource$2rdacarrier
=520  3\$aAruanne on mõeldud kõigi valitsustasandite keskkonna-, tervise- ja planeerimisvaldkonna töötajatele. Seda saab kasutada ka asjakohaste konventsioonide ja protokollidega seotud valitsustevahelistes protsessides. Aruandes ei käsitleta mõju hindamise põhiterminoloogiat.
=653  \\$aEnvironment
=653  \\$aEnvironmental Health
=653  \\$aenvironment
=653  \\$aenvironmental health
=653  \\$aenvironmental indicators
=653  \\$akopenhaagen
=710  2\$aWorld Health Organization.
=720  \\$aMaailma Terviseorganisatsiooni Euroopa Regionaalbüroo
=856  4\$uhttps://policycommons.net/artifacts/3681552/praktilised-oppetunnid/4487459/$yWorld Health Organization document$ahttps://policycommons.net/
=859  \\$aORR$bWorld Health Organization
=884  \\$aLDL ebooks tsv to marcxml transformation using XSLTtest.xsl$g20230811$qUk
=CAT  \\$aBATCH-IGO$b00$c20230822$lBLL01$h1133
=CAT  \\$aBATCH-UPD$b00$c20230822$lBLL01$h1135
=FIN  \\$aY$d20230822
=SRC  \\$aCoherent Digital WHO$bwhoJuly23.mrc
=LAS  \\$aBATCH-UPD$b00$c20230822$lBLL01$h1135

