=LDR  04967nam a22004573i 4500
=001  021183119
=003  Uk
=005  20230822113338.0
=006  m\\\\||\\d\|\\\\\\
=007  cr\|||||||||||
=008  230811s2023\\\\sz\|||||o\\\\||||\||eng\\
=FMT  \\$a  BK
=037  \\$bWHO
=040  \\$aVaAlCD$beng$cVaAlCD$dUk
=245  00$aНабір інструментів ініціативи ВООЗ QualityRights. Оцінювання та покращення якості послуг і дотримання прав людини у закладах охорони психічного здоров'я та соціального забезпечення /$cВсесвітня організація охорони здоров'я. Європейське регіональне бюро.
=264  \1$a[Switzerland] :$bWorld Health Organization,$c2023.
=300  \\$a1 online resource.
=336  \\$atext$2rdacontent
=337  \\$acomputer$2rdamedia
=338  \\$aonline resource$2rdacarrier
=520  3\$aНабір інструментів ініціативи ВООЗ QualityRights забезпечує країни практичною інформацією та інструментами щодо оцінювання та покращення якості послуг і дотримання прав людини у закладах охорони психічного здоров'я та соціального забезпечення. Набір інструментів ґрунтується на Конвенції ООН про права осіб з інвалідністю. Він містить настанови щодо: прав людини та стандартів якості, яких слід дотримуватися та які слід захищати і виконувати як у стаціонарних, так і в амбулаторних закладах охорони психічного здоров'я та соціального забезпечення.
=520  3\$aпідготовки до комплексного оцінювання закладів і його проведення.
=520  3\$aта звітування про результати оцінювання і надання відповідних рекомендацій на основі проведеного оцінювання. Набір інструментів розроблений для використання у країнах із низьким, середнім і високим рівнем доходу. Ним можуть користуватися багато різних зацікавлених сторін, у тому числі комітети, створені для проведення оцінювання, неурядові організації, національні правозахисні установи, національні комісії з питань охорони здоров'я чи психічного здоров'я, органи акредитації закладів охорони здоров'я і національні механізми, створені відповідно до міжнародних договорів із метою здійснення моніторингу за впровадженням стандартів прав людини, а також інші організації та особи, зацікавлені у промоції прав осіб з інвалідністю. Набір інструментів ініціативи ВООЗ QualityRights - це надзвичайно важливий ресурс, спрямований не лише на те, щоб припинити випадки недбалості та насильства, які були в минулому, але й на забезпечення надання послуг високої якості у майбутньому.
=653  \\$aHuman Rights
=653  \\$aMental Health
=653  \\$ahuman rights
=653  \\$amental health
=653  \\$amental health services
=653  \\$anational health programs
=653  \\$aquality of health care
=653  \\$aкопенгаген
=700  1\$aВсесвітня організація охорони здоров'я. Європейське регіональне бюро.
=710  2\$aWorld Health Organization.
=856  4\$uhttps://policycommons.net/artifacts/3525872/nabir-instrumentiv-initsiativi-vooz-qualityrights/4326599/$yWorld Health Organization document$ahttps://policycommons.net/
=859  \\$aORR$bWorld Health Organization
=884  \\$aLDL ebooks tsv to marcxml transformation using XSLTtest.xsl$g20230811$qUk
=CAT  \\$aBATCH-IGO$b00$c20230822$lBLL01$h1133
=CAT  \\$aBATCH-UPD$b00$c20230822$lBLL01$h1135
=FIN  \\$aY$d20230822
=SRC  \\$aCoherent Digital WHO$bwhoJuly23.mrc
=LAS  \\$aBATCH-UPD$b00$c20230822$lBLL01$h1135

