=LDR  01615nam a22004213i 4500
=001  021183124
=003  Uk
=005  20230822113338.0
=006  m\\\\||\\d\|\\\\\\
=007  cr\|||||||||||
=008  230811s2023\\\\sz\|||||o\\\\||||\||fre\\
=FMT  \\$a  BK
=037  \\$bWHO
=040  \\$aVaAlCD$beng$cVaAlCD$dUk
=041  \\$afre
=245  00$aRecommandations et orientations concernant l'autodépistage du virus de l'hépatite C /$cOrganisation mondiale de la Santé. Bureau régional de l'Afrique.
=264  \1$a[Switzerland] :$bWorld Health Organization,$c2023.
=300  \\$a1 online resource.
=336  \\$atext$2rdacontent
=337  \\$acomputer$2rdamedia
=338  \\$aonline resource$2rdacarrier
=520  3\$ax, 20 p.
=653  \\$abrazzaville
=653  \\$adiagnosis
=653  \\$aguideline
=653  \\$ahepatitis c
=653  \\$anational health programs
=653  \\$aself-testing
=710  2\$aWorld Health Organization.
=720  \\$aOrganisation mondiale de la Santé. Bureau régional de l'Afrique
=856  4\$uhttps://policycommons.net/artifacts/3525344/recommandations-et-orientations-concernant-lautodepistage-du-virus-de-lhepatite-c/4326045/$yWorld Health Organization document$ahttps://policycommons.net/
=859  \\$aORR$bWorld Health Organization
=884  \\$aLDL ebooks tsv to marcxml transformation using XSLTtest.xsl$g20230811$qUk
=CAT  \\$aBATCH-IGO$b00$c20230822$lBLL01$h1133
=CAT  \\$aBATCH-UPD$b00$c20230822$lBLL01$h1135
=FIN  \\$aY$d20230822
=SRC  \\$aCoherent Digital WHO$bwhoJuly23.mrc
=LAS  \\$aBATCH-UPD$b00$c20230822$lBLL01$h1135

