=LDR  01888nam a22004573i 4500
=001  021183129
=003  Uk
=005  20230822113338.0
=006  m\\\\||\\d\|\\\\\\
=007  cr\|||||||||||
=008  230811s2023\\\\sz\|||||o\\\\||||\||fre\\
=FMT  \\$a  BK
=037  \\$bWHO
=040  \\$aVaAlCD$beng$cVaAlCD$dUk
=041  \\$afre
=245  00$aCadre d'action stratégique pour améliorer l'accès aux technologies d'assistance dans la Région de la Méditerranée orientale /$cOrganisation mondiale de la Santé. Bureau régional de la Méditerranée orientale.
=264  \1$a[Switzerland] :$bWorld Health Organization,$c2023.
=300  \\$a1 online resource.
=336  \\$atext$2rdacontent
=337  \\$acomputer$2rdamedia
=338  \\$aonline resource$2rdacarrier
=520  3\$a53 p.
=653  \\$aMediterranean Region
=653  \\$aPersons With Disabilities
=653  \\$acaire
=653  \\$adisabled persons
=653  \\$ahealth services accessibility
=653  \\$amediterranean region
=653  \\$anoncommunicable diseases
=653  \\$aself-help devices
=653  \\$astrategic planning
=710  2\$aWorld Health Organization.
=720  \\$aOrganisation mondiale de la Santé. Bureau régional de la Méditerranée orientale
=856  4\$uhttps://policycommons.net/artifacts/3793068/cadre-daction-strategique-pour-ameliorer-lacces-aux-technologies-dassistance-dans-la-region-de-la-mediterranee-orientale/4598877/$yWorld Health Organization document$ahttps://policycommons.net/
=859  \\$aORR$bWorld Health Organization
=884  \\$aLDL ebooks tsv to marcxml transformation using XSLTtest.xsl$g20230811$qUk
=CAT  \\$aBATCH-IGO$b00$c20230822$lBLL01$h1133
=CAT  \\$aBATCH-UPD$b00$c20230822$lBLL01$h1136
=FIN  \\$aY$d20230822
=SRC  \\$aCoherent Digital WHO$bwhoJuly23.mrc
=LAS  \\$aBATCH-UPD$b00$c20230822$lBLL01$h1136

