=LDR  02929nam a22004213i 4500
=001  021183136
=003  Uk
=005  20230822113338.0
=006  m\\\\||\\d\|\\\\\\
=007  cr\|||||||||||
=008  230811s2023\\\\sz\|||||o\\\\||||\||pol\\
=FMT  \\$a  BK
=037  \\$bWHO
=040  \\$aVaAlCD$beng$cVaAlCD$dUk
=041  \\$apol
=245  00$aWażne nawyki w sytuacjach stresu: poradnik ilustrowany /$cŚwiatowa Organizacja Zdrowia.
=264  \1$a[Switzerland] :$bWorld Health Organization,$c2023.
=300  \\$a1 online resource.
=336  \\$atext$2rdacontent
=337  \\$acomputer$2rdamedia
=338  \\$aonline resource$2rdacarrier
=520  3\$aWażne nawyki w sytuacjach stresu to opracowany przez Światową Organizację Zdrowia (‎WHO)‎poradnik na temat tego, jak pokonywać przeciwności. Ten ilustrowany przewodnik uzupełniawdrażane przez WHO zalecenia dotyczące radzenia sobie ze stresem.Istnieje wiele przyczyn stresu, jak trudności osobiste (‎np. kłótnia z bliską osobą, samotność,brak środków do życia, obawy o przyszłość)‎, kłopoty w pracy (‎np. konflikt ze współpracownikami,wyjątkowo wymagająca praca lub niepewność zatrudnienia)‎, czy też poważne zagrożeniadla twojej społeczności (‎np. przemoc, choroby, brak możliwości ekonomicznych)‎.Niniejszy poradnik skierowany jest do każdej osoby, która doświadcza stresu, począwszy od rodzicówi innych opiekunów, po pracowników ochrony zdrowia pracujących w niebezpiecznychsytuacjach. Mogą z niego skorzystać ludzie uciekający z obszarów objętych wojną, którzy straciliwszystko, co mieli, a także ci żyjący w bezpiecznych warunkach, czyli tam, gdzie panujepokój. Każdy, bez względu na to, gdzie mieszka, może doświadczyć wysokiego poziomu stresu.Poradnik powstał w oparciu o dowody i rozległe doświadczenia praktyczne. Dostarcza informacjeoraz praktyczne sposoby, jak pomagać ludziom w radzeniu sobie z trudnościami. Jednocześniez poradzeniem sobie ze źródłem trudności, istnieje potrzeba wspierania zdrowiapsychicznego.
=653  \\$aMental Health
=653  \\$abooks, illustrated
=653  \\$ahandbook
=653  \\$akopenhaga
=653  \\$amental health
=653  \\$astress, psychological
=710  2\$aWorld Health Organization.
=720  \\$aŚwiatowa Organizacja Zdrowia
=856  4\$uhttps://policycommons.net/artifacts/3529923/wazne-nawyki-w-sytuacjach-stresu/4330832/$yWorld Health Organization document$ahttps://policycommons.net/
=859  \\$aORR$bWorld Health Organization
=884  \\$aLDL ebooks tsv to marcxml transformation using XSLTtest.xsl$g20230811$qUk
=CAT  \\$aBATCH-IGO$b00$c20230822$lBLL01$h1133
=CAT  \\$aBATCH-UPD$b00$c20230822$lBLL01$h1136
=FIN  \\$aY$d20230822
=SRC  \\$aCoherent Digital WHO$bwhoJuly23.mrc
=LAS  \\$aBATCH-UPD$b00$c20230822$lBLL01$h1136

