=LDR  03103nam a22004213i 4500
=001  021183138
=003  Uk
=005  20230822113338.0
=006  m\\\\||\\d\|\\\\\\
=007  cr\|||||||||||
=008  230811s2023\\\\sz\|||||o\\\\||||\||eng\\
=FMT  \\$a  BK
=037  \\$bWHO
=040  \\$aVaAlCD$beng$cVaAlCD$dUk
=245  00$aTAP rövid útmutató: gyakorlati kézikönyv a Testreszabott Antimikrobiális rezisztencia Programok megvalósításához /$cEgészségügyi Világszervezet. Európai Regionális Iroda.
=264  \1$a[Switzerland] :$bWorld Health Organization,$c2023.
=300  \\$a1 online resource.
=336  \\$atext$2rdacontent
=337  \\$acomputer$2rdamedia
=338  \\$aonline resource$2rdacarrier
=520  3\$aA Testreszabott Antimikrobiális rezisztencia Programok (‎Tailoring Antimicrobial Resistance Programmes, TAP)‎ rövid útmutatója azért készült, hogy segítse a tagállamokat az antimikrobiális rezisztencia (‎AMR)‎ terjedésének megfékezésére irányuló projektek elindításában és végrehajtásában. Az AMR összetett probléma, amelynek kialakulását és terjedését számos tényező befolyásolja, és ez nehezíti a megfékezését is. A TAP rövid útmutatót úgy tervezték, hogy segítse a nemzeti szintű TAP-munkacsoportokat abban, hogy magatartáselemzésen alapuló szemléletmódot alkalmazva azonosítsák a megfelelő és megvalósítható beavatkozásokat az AMR elleni küzdelem megkezdéséhez saját környezetükben. A TAP rövid útmutató tömör áttekintést nyújt az AMR-ről és a TAP-folyamatról, továbbá végigvezeti a felhasználókat a következő öt fázison: a megvalósíthatóság értékelése, a problémák alapvető megértése, a kezelendő témák rangsorolása, a stratégiák kidolgozása, valamint a beavatkozások végrehajtása és kiértékelése. A TAP rövid útmutató tartalma a hamarosan elérhető, bővebb TAP-kézikönyvön alapul. A TAP rövid útmutatóhoz egy TAP-eszköztár is tartozik, amely gyakorlatokat és támogató eszközöket tartalmaz a projektfejlesztés minden egyes szakaszához.
=653  \\$aEurope
=653  \\$aPublic Health
=653  \\$abehavior
=653  \\$adrug resistance, microbial
=653  \\$aeurope
=653  \\$akoppenhága
=653  \\$apublic health
=710  2\$aWorld Health Organization.
=720  \\$aEgészségügyi Világszervezet. Európai Regionális Iroda
=856  4\$uhttps://policycommons.net/artifacts/3441911/tap-rovid-utmutato/4241881/$yWorld Health Organization document$ahttps://policycommons.net/
=859  \\$aORR$bWorld Health Organization
=884  \\$aLDL ebooks tsv to marcxml transformation using XSLTtest.xsl$g20230811$qUk
=CAT  \\$aBATCH-IGO$b00$c20230822$lBLL01$h1133
=CAT  \\$aBATCH-UPD$b00$c20230822$lBLL01$h1136
=FIN  \\$aY$d20230822
=SRC  \\$aCoherent Digital WHO$bwhoJuly23.mrc
=LAS  \\$aBATCH-UPD$b00$c20230822$lBLL01$h1136

