=LDR  01782nam a22004693i 4500
=001  021183142
=003  Uk
=005  20230822113338.0
=006  m\\\\||\\d\|\\\\\\
=007  cr\|||||||||||
=008  230811s2023\\\\sz\|||||o\\\\||||\||fre\\
=FMT  \\$a  BK
=037  \\$bWHO
=040  \\$aVaAlCD$beng$cVaAlCD$dUk
=041  \\$afre
=245  00$aProtocole générique : étude de cohorte prospective sur les issues maternelles, néonatales et de la grossesse pour les femmes et les nouveau-nés infectés par le SARS-CoV-2, 1er novembre 2022 /$cOrganisation mondiale de la Santé.
=264  \1$a[Switzerland] :$bWorld Health Organization,$c2023.
=300  \\$a1 online resource.
=336  \\$atext$2rdacontent
=337  \\$acomputer$2rdamedia
=338  \\$aonline resource$2rdacarrier
=520  3\$ax, 168 p.
=653  \\$aCOVID-19
=653  \\$abetacoronavirus
=653  \\$acoronavirus infections
=653  \\$acovid-19
=653  \\$agenève
=653  \\$ainfant, newborn
=653  \\$ainfectious disease transmission, vertical
=653  \\$amaternal exposure
=653  \\$apregnancy complications, infectious
=653  \\$apregnancy outcome
=710  2\$aWorld Health Organization.
=720  \\$aOrganisation mondiale de la Santé
=856  4\$uhttps://policycommons.net/artifacts/3444209/protocole-generique/4244246/$yWorld Health Organization document$ahttps://policycommons.net/
=859  \\$aORR$bWorld Health Organization
=884  \\$aLDL ebooks tsv to marcxml transformation using XSLTtest.xsl$g20230811$qUk
=CAT  \\$aBATCH-IGO$b00$c20230822$lBLL01$h1133
=CAT  \\$aBATCH-UPD$b00$c20230822$lBLL01$h1136
=FIN  \\$aY$d20230822
=SRC  \\$aCoherent Digital WHO$bwhoJuly23.mrc
=LAS  \\$aBATCH-UPD$b00$c20230822$lBLL01$h1136

