=LDR  01597nam a22004573i 4500
=001  021183148
=003  Uk
=005  20230822113338.0
=006  m\\\\||\\d\|\\\\\\
=007  cr\|||||||||||
=008  230811s2023\\\\sz\|||||o\\\\||||\||spa\\
=FMT  \\$a  BK
=037  \\$bWHO
=040  \\$aVaAlCD$beng$cVaAlCD$dUk
=041  \\$aspa
=245  00$aReseña normativa de la OMS: las reuniones en el contexto de la COVID-19, 19 de enero de 2023 /$cOrganización Mundial de la Salud.
=264  \1$a[Switzerland] :$bWorld Health Organization,$c2023.
=300  \\$a1 online resource.
=336  \\$atext$2rdacontent
=337  \\$acomputer$2rdamedia
=338  \\$aonline resource$2rdacarrier
=520  3\$a6:00 PM.
=653  \\$aCOVID-19
=653  \\$abetacoronavirus
=653  \\$acovid-19
=653  \\$acrowding
=653  \\$adisease outbreaks
=653  \\$aginebra
=653  \\$amass behavior
=653  \\$amass gatherings
=653  \\$arisk evaluation and mitigation
=710  2\$aWorld Health Organization.
=720  \\$aOrganización Mundial de la Salud
=856  4\$uhttps://policycommons.net/artifacts/3410344/resena-normativa-de-la-oms/4209689/$yWorld Health Organization document$ahttps://policycommons.net/
=859  \\$aORR$bWorld Health Organization
=884  \\$aLDL ebooks tsv to marcxml transformation using XSLTtest.xsl$g20230811$qUk
=CAT  \\$aBATCH-IGO$b00$c20230822$lBLL01$h1133
=CAT  \\$aBATCH-UPD$b00$c20230822$lBLL01$h1136
=FIN  \\$aY$d20230822
=SRC  \\$aCoherent Digital WHO$bwhoJuly23.mrc
=LAS  \\$aBATCH-UPD$b00$c20230822$lBLL01$h1136

