=LDR  01742nam a22005173i 4500
=001  021183153
=003  Uk
=005  20230822113338.0
=006  m\\\\||\\d\|\\\\\\
=007  cr\|||||||||||
=008  230811s2023\\\\sz\|||||o\\\\||||\||spa\\
=FMT  \\$a  BK
=037  \\$bWHO
=040  \\$aVaAlCD$beng$cVaAlCD$dUk
=041  \\$aspa
=245  00$aOpciones terapéuticas y COVID-19: orientaciones evolutivas, 13 de enero de 2023 /$cOrganización Mundial de la Salud.
=264  \1$a[Switzerland] :$bWorld Health Organization,$c2023.
=300  \\$a1 online resource.
=336  \\$atext$2rdacontent
=337  \\$acomputer$2rdamedia
=338  \\$aonline resource$2rdacarrier
=520  3\$a143 p.
=653  \\$aCOVID-19
=653  \\$aadrenal cortex hormones
=653  \\$aantiviral agents
=653  \\$abetacoronavirus
=653  \\$acovid-19
=653  \\$adisease outbreaks
=653  \\$adrug evaluation
=653  \\$aginebra
=653  \\$aguideline
=653  \\$ahydroxychloroquine
=653  \\$ainterleukin-6
=653  \\$alopinavir
=653  \\$atherapeutic use
=653  \\$atreatment outcome
=710  2\$aWorld Health Organization.
=720  \\$aOrganización Mundial de la Salud
=856  4\$uhttps://policycommons.net/artifacts/3525876/opciones-terapeuticas-y-covid-19/4326557/$yWorld Health Organization document$ahttps://policycommons.net/
=859  \\$aORR$bWorld Health Organization
=884  \\$aLDL ebooks tsv to marcxml transformation using XSLTtest.xsl$g20230811$qUk
=CAT  \\$aBATCH-IGO$b00$c20230822$lBLL01$h1133
=CAT  \\$aBATCH-UPD$b00$c20230822$lBLL01$h1136
=FIN  \\$aY$d20230822
=SRC  \\$aCoherent Digital WHO$bwhoJuly23.mrc
=LAS  \\$aBATCH-UPD$b00$c20230822$lBLL01$h1136

