=LDR  01935nam a22004213i 4500
=001  021183158
=003  Uk
=005  20230822113338.0
=006  m\\\\||\\d\|\\\\\\
=007  cr\|||||||||||
=008  230811s2023\\\\sz\|||||o\\\\||||\||fre\\
=FMT  \\$a  BK
=037  \\$bWHO
=040  \\$aVaAlCD$beng$cVaAlCD$dUk
=041  \\$afre
=245  00$aPlan de mise en œuvre et cadre de suivi et d'évaluation du Cadre d'action européen de l'OMS visant à permettre aux personnes handicapées d'atteindre le meilleur état de santé possible 2022-2030 /$cOrganisation mondiale de la Santé. Bureau régional de l'Europe.
=264  \1$a[Switzerland] :$bWorld Health Organization,$c2023.
=300  \\$a1 online resource.
=336  \\$atext$2rdacontent
=337  \\$acomputer$2rdamedia
=338  \\$aonline resource$2rdacarrier
=520  3\$a47 p., Version PDF accessible du document EUR/RC72/BG/7.
=653  \\$aHealth Policy
=653  \\$aPersons With Disabilities
=653  \\$acopenhague
=653  \\$adisabled persons
=653  \\$ahealth policy
=653  \\$ahealth services for persons with disabilities
=710  2\$aWorld Health Organization.
=720  \\$aOrganisation mondiale de la Santé. Bureau régional de l'Europe
=856  4\$uhttps://policycommons.net/artifacts/3371375/plan-de-mise-en-oeuvre-et-cadre-de-suivi-et-devaluation-du-cadre-daction-europeen-de-loms-visant-a-permettre-aux-personnes-handicapees-datteindre-le-meilleur-etat-de-sante-possible-2022-2030/4170179/$yWorld Health Organization document$ahttps://policycommons.net/
=859  \\$aORR$bWorld Health Organization
=884  \\$aLDL ebooks tsv to marcxml transformation using XSLTtest.xsl$g20230811$qUk
=CAT  \\$aBATCH-IGO$b00$c20230822$lBLL01$h1133
=CAT  \\$aBATCH-UPD$b00$c20230822$lBLL01$h1136
=FIN  \\$aY$d20230822
=SRC  \\$aCoherent Digital WHO$bwhoJuly23.mrc
=LAS  \\$aBATCH-UPD$b00$c20230822$lBLL01$h1136

