=LDR  06261nam a22004693i 4500
=001  021183159
=003  Uk
=005  20230822113338.0
=006  m\\\\||\\d\|\\\\\\
=007  cr\|||||||||||
=008  230811s2023\\\\sz\|||||o\\\\||||\||eng\\
=FMT  \\$a  BK
=037  \\$bWHO
=040  \\$aVaAlCD$beng$cVaAlCD$dUk
=245  00$aКишеньковий довідник лікаря первинної медичної допомоги для роботи з дітьми та підлітками: настанови щодо зміцнення здоров'я, профілактики та лікування захворювань від народження до підліткового віку /$cВсесвітня організація охорони здоров'я. Європейське регіональне бюро.
=264  \1$a[Switzerland] :$bWorld Health Organization,$c2023.
=300  \\$a1 online resource.
=336  \\$atext$2rdacontent
=337  \\$acomputer$2rdamedia
=338  \\$aonline resource$2rdacarrier
=520  3\$aЦей кишеньковий довідник призначений для використання лікарями, медсестрами та іншими медичними працівниками, відповідальними за надання допомоги дітям і підліткам на первинному рівні медичної допомоги. У ньому резюмовано рекомендації щодо лікування та направлення дітей і підлітків із поширеними скаргами й захворюваннями. Він також містить інформацію, що дозволить медикам первинної ланки координувати процес надання безперервної допомоги дітям та підліткам із довгостроковими захворюваннями, якими займаються спеціалісти. Діяльність із профілактики захворювань та зміцнення здоров'я у дітей від народження до підліткового віку включає визначення графіку та предмету планових профілактичних оглядів, сприяння розвитку в ранньому дитячому віці та спілкування на тему важливості здоров'я в підлітковому. Мета цього кишенькового довідника - вдосконалити діагностику й лікування поширених захворювань у дітей і підлітків, ведення яких можна здійснювати амбулаторно. Він має допомогти у підвищенні ефективності використання лабораторної та іншої діагностики, основних ліків та обладнання. Для випадків, коли дитина потребує направлення, в ньому містяться посилання на інший, пов'язаний документ Pocket Book of Hospital Care for Children [‎Кишеньковий довідник для надання стаціонарної допомоги дітям]‎. Обидва документа мають зручний формат, який дозволяє застосовувати їх у щоденній практиці для проведення оглядів, лікування та консультування. Рекомендації, викладені в цьому кишеньковому довіднику, є застосовними в усіх країнах Європейського регіону ВООЗ і можуть адаптуватися країнами відповідно до місцевого контексту. У ньому резюмована інформація з чинних настанов ВООЗ та інші доказові рекомендації. Детальну інформацію щодо доказів, на яких ґрунтується цей довідник, можна знайти на вебсайті Європейського регіонального бюро ВООЗ. Довідник регулярно оновлюватиметься мірою появи нових доказів. Він дозволить медичним працівникам забезпечувати найвищу якість первинної медичної допомоги за рахунок зосередження на доказових практиках і профілактиці та, як результат, забезпечувати отримання дітьми і підлітками саме тієї допомоги, якої вони потребують, та уникати непотрібних втручань і госпіталізацій.
=653  \\$aChild Development
=653  \\$aChild Health
=653  \\$aHealth Services
=653  \\$aPrimary Health Care
=653  \\$aYouth Health
=653  \\$aadolescent health
=653  \\$achild development
=653  \\$achild health
=653  \\$ahealth services
=653  \\$aprimary health care
=653  \\$aкопенгаген
=700  1\$aВсесвітня організація охорони здоров'я. Європейське регіональне бюро.
=710  2\$aWorld Health Organization.
=856  4\$uhttps://policycommons.net/artifacts/3457067/kishenkovii-dovidnik-likaria-pervinnoyi-medichnoyi-dopomogi-dlia-roboti-z-ditmi-ta-pidlitkami/4257520/$yWorld Health Organization document$ahttps://policycommons.net/
=859  \\$aORR$bWorld Health Organization
=884  \\$aLDL ebooks tsv to marcxml transformation using XSLTtest.xsl$g20230811$qUk
=CAT  \\$aBATCH-IGO$b00$c20230822$lBLL01$h1133
=CAT  \\$aBATCH-UPD$b00$c20230822$lBLL01$h1136
=FIN  \\$aY$d20230822
=SRC  \\$aCoherent Digital WHO$bwhoJuly23.mrc
=LAS  \\$aBATCH-UPD$b00$c20230822$lBLL01$h1136

