=LDR  02825nam a22004573i 4500
=001  021183165
=003  Uk
=005  20230822113338.0
=006  m\\\\||\\d\|\\\\\\
=007  cr\|||||||||||
=008  230811s2023\\\\sz\|||||o\\\\||||\||fre\\
=FMT  \\$a  BK
=037  \\$bWHO
=040  \\$aVaAlCD$beng$cVaAlCD$dUk
=041  \\$afre
=245  00$aNature, biodiversité et santé : un panorama des interconnexions /$cOrganisation mondiale de la Santé. Bureau régional de l'Europe.
=264  \1$a[Switzerland] :$bWorld Health Organization,$c2023.
=300  \\$a1 online resource.
=336  \\$atext$2rdacontent
=337  \\$acomputer$2rdamedia
=338  \\$aonline resource$2rdacarrier
=520  3\$aL'urbanisation, l'utilisation des terres, le commerce mondial et l'industrialisation ont eu des conséquences négatives et profondes sur la nature, la biodiversité et les écosystèmes dans le monde. L'appauvrissement continu des ressources naturelles n'affecte pas seulement l'environnement.
=520  3\$ail a également un impact énorme sur le bien-être et la sécurité des sociétés. Ce rapport dresse un panorama des effets de l'environnement naturel sur la santé humaine. Il montre de quelles manières la nature et les écosystèmes peuvent offrir soutien et protection à la santé et au bien-être, et décrit comment la dégradation de la nature et la disparition de la biodiversité peuvent constituer une menace pour la santé humaine. Il est destiné aux lecteurs ne possédant pas une connaissance étendue des liens entre nature et santé. Bien que ce rapport de synthèse vise principalement à informer les professionnels et les décideurs des secteurs de la santé et de l'environnement, il est également pertinent pour les autres secteurs impliqués dans la protection, la gestion et l'utilisation de la nature et de la biodiversité.
=653  \\$aEnvironmental Health
=653  \\$abiodiversity
=653  \\$acopenhague
=653  \\$aecological parameter monitoring
=653  \\$aenvironmental health
=653  \\$aenvironment and public health
=653  \\$anature
=653  \\$aone health
=710  2\$aWorld Health Organization.
=720  \\$aOrganisation mondiale de la Santé. Bureau régional de l'Europe
=856  4\$uhttps://policycommons.net/artifacts/3496085/nature-biodiversite-et-sante/4296673/$yWorld Health Organization document$ahttps://policycommons.net/
=859  \\$aORR$bWorld Health Organization
=884  \\$aLDL ebooks tsv to marcxml transformation using XSLTtest.xsl$g20230811$qUk
=CAT  \\$aBATCH-IGO$b00$c20230822$lBLL01$h1133
=CAT  \\$aBATCH-UPD$b00$c20230822$lBLL01$h1136
=FIN  \\$aY$d20230822
=SRC  \\$aCoherent Digital WHO$bwhoJuly23.mrc
=LAS  \\$aBATCH-UPD$b00$c20230822$lBLL01$h1136

