=LDR  01851nam a22005413i 4500
=001  021183167
=003  Uk
=005  20230822113338.0
=006  m\\\\||\\d\|\\\\\\
=007  cr\|||||||||||
=008  230811s2023\\\\sz\|||||o\\\\||||\||fre\\
=FMT  \\$a  BK
=037  \\$bWHO
=040  \\$aVaAlCD$beng$cVaAlCD$dUk
=041  \\$afre
=245  00$aWeekly Epidemiological Record, 2023, vol. 98, 13 [‎full issue]‎ /$cWorld Health Organization = Organisation mondiale de la Santé.
=264  \1$a[Switzerland] :$bWorld Health Organization,$c2023.
=300  \\$a1 online resource.
=336  \\$atext$2rdacontent
=337  \\$acomputer$2rdamedia
=338  \\$aonline resource$2rdacarrier
=520  3\$a18 p.
=653  \\$aCholera
=653  \\$aEpidemiology
=653  \\$aImmunization
=653  \\$aInfluenza
=653  \\$aacute emergencies
=653  \\$acholera
=653  \\$aepidemiology
=653  \\$ageneva = genève
=653  \\$aimmunization
=653  \\$ainfluenza
=653  \\$amarburg virus disease
=653  \\$ameasles
=653  \\$ameningitis
=653  \\$amiddle east respiratory syndrome coronavirus
=653  \\$amonkeypox
=653  \\$anipah virus
=710  2\$aWorld Health Organization.
=720  \\$aWorld Health Organization = Organisation mondiale de la Santé
=856  4\$uhttps://policycommons.net/artifacts/3529315/weekly-epidemiological-record-2023-vol/4330206/$yWorld Health Organization document$ahttps://policycommons.net/
=859  \\$aORR$bWorld Health Organization
=884  \\$aLDL ebooks tsv to marcxml transformation using XSLTtest.xsl$g20230811$qUk
=CAT  \\$aBATCH-IGO$b00$c20230822$lBLL01$h1133
=CAT  \\$aBATCH-UPD$b00$c20230822$lBLL01$h1136
=FIN  \\$aY$d20230822
=SRC  \\$aCoherent Digital WHO$bwhoJuly23.mrc
=LAS  \\$aBATCH-UPD$b00$c20230822$lBLL01$h1136

