=LDR  01747nam a22004693i 4500
=001  021183173
=003  Uk
=005  20230822113338.0
=006  m\\\\||\\d\|\\\\\\
=007  cr\|||||||||||
=008  230811s2023\\\\sz\|||||o\\\\||||\||por\\
=FMT  \\$a  BK
=037  \\$bWHO
=040  \\$aVaAlCD$beng$cVaAlCD$dUk
=041  \\$apor
=245  00$aAprimorando o planejamento de preparação para pandemias que envolvem patógenos respiratórios: resumo de política, 27 de abril de 2022 /$cOrganização Mundial da Saúde.
=264  \1$a[Switzerland] :$bWorld Health Organization,$c2023.
=300  \\$a1 online resource.
=336  \\$atext$2rdacontent
=337  \\$acomputer$2rdamedia
=338  \\$aonline resource$2rdacarrier
=520  3\$a5:00 PM.
=653  \\$aCOVID-19
=653  \\$aEpidemics
=653  \\$abetacoronavirus
=653  \\$acovid-19
=653  \\$adisease outbreaks
=653  \\$agenebra
=653  \\$ahealth planning
=653  \\$apandemics
=653  \\$apublic health surveillance
=653  \\$arespiratory insufficiency
=710  2\$aWorld Health Organization.
=720  \\$aOrganização Mundial da Saúde
=856  4\$uhttps://policycommons.net/artifacts/3494604/aprimorando-o-planejamento-de-preparacao-para-pandemias-que-envolvem-patogenos-respiratorios/4295155/$yWorld Health Organization document$ahttps://policycommons.net/
=859  \\$aORR$bWorld Health Organization
=884  \\$aLDL ebooks tsv to marcxml transformation using XSLTtest.xsl$g20230811$qUk
=CAT  \\$aBATCH-IGO$b00$c20230822$lBLL01$h1133
=CAT  \\$aBATCH-UPD$b00$c20230822$lBLL01$h1136
=FIN  \\$aY$d20230822
=SRC  \\$aCoherent Digital WHO$bwhoJuly23.mrc
=LAS  \\$aBATCH-UPD$b00$c20230822$lBLL01$h1136

