=LDR  01778nam a22004813i 4500
=001  021183174
=003  Uk
=005  20230822113338.0
=006  m\\\\||\\d\|\\\\\\
=007  cr\|||||||||||
=008  230811s2023\\\\sz\|||||o\\\\||||\||por\\
=FMT  \\$a  BK
=037  \\$bWHO
=040  \\$aVaAlCD$beng$cVaAlCD$dUk
=041  \\$apor
=245  00$aAtlas das estatísticas da saúde em África 2022: análise da situação sanitária na Região Africana da OMS /$cOrganização Mundial da Saúde. Escritório Regional para a África.
=264  \1$a[Switzerland] :$bWorld Health Organization,$c2023.
=300  \\$a1 online resource.
=336  \\$atext$2rdacontent
=337  \\$acomputer$2rdamedia
=338  \\$aonline resource$2rdacarrier
=520  3\$axx, 232 p.
=653  \\$aAtlases
=653  \\$aData Analysis
=653  \\$aStatistics
=653  \\$aatlas
=653  \\$abrazzaville
=653  \\$adata analysis
=653  \\$ahealth information systems
=653  \\$ahealth planning
=653  \\$ahealth status indicators
=653  \\$amortality
=653  \\$astatistics
=710  2\$aWorld Health Organization.
=720  \\$aOrganização Mundial da Saúde. Escritório Regional para a África
=856  4\$uhttps://policycommons.net/artifacts/3495752/atlas-das-estatisticas-da-saude-em-africa-2022/4296329/$yWorld Health Organization document$ahttps://policycommons.net/
=859  \\$aORR$bWorld Health Organization
=884  \\$aLDL ebooks tsv to marcxml transformation using XSLTtest.xsl$g20230811$qUk
=CAT  \\$aBATCH-IGO$b00$c20230822$lBLL01$h1133
=CAT  \\$aBATCH-UPD$b00$c20230822$lBLL01$h1136
=FIN  \\$aY$d20230822
=SRC  \\$aCoherent Digital WHO$bwhoJuly23.mrc
=LAS  \\$aBATCH-UPD$b00$c20230822$lBLL01$h1136

