=LDR  01748nam a22004333i 4500
=001  021183178
=003  Uk
=005  20230822113338.0
=006  m\\\\||\\d\|\\\\\\
=007  cr\|||||||||||
=008  230811s2023\\\\sz\|||||o\\\\||||\||fre\\
=FMT  \\$a  BK
=037  \\$bWHO
=040  \\$aVaAlCD$beng$cVaAlCD$dUk
=041  \\$afre
=245  00$aCadre de mise en œuvre de l'initiative mondiale contre le cancer du sein : évaluation, renforcement et amplification des services de détection précoce et de prise en charge du cancer du sein : résumé d'orientation /$cOrganisation mondiale de la Santé.
=264  \1$a[Switzerland] :$bWorld Health Organization,$c2023.
=300  \\$a1 online resource.
=336  \\$atext$2rdacontent
=337  \\$acomputer$2rdamedia
=338  \\$aonline resource$2rdacarrier
=520  3\$a16 p.
=653  \\$abreast neoplasms
=653  \\$adelivery of health care
=653  \\$aearly detection of cancer
=653  \\$aearly diagnosis
=653  \\$agenève
=653  \\$aneoplasm invasiveness
=653  \\$awomen's health services
=710  2\$aWorld Health Organization.
=720  \\$aOrganisation mondiale de la Santé
=856  4\$uhttps://policycommons.net/artifacts/3442576/cadre-de-mise-en-oeuvre-de-linitiative-mondiale-contre-le-cancer-du-sein/4242564/$yWorld Health Organization document$ahttps://policycommons.net/
=859  \\$aORR$bWorld Health Organization
=884  \\$aLDL ebooks tsv to marcxml transformation using XSLTtest.xsl$g20230811$qUk
=CAT  \\$aBATCH-IGO$b00$c20230822$lBLL01$h1133
=CAT  \\$aBATCH-UPD$b00$c20230822$lBLL01$h1136
=FIN  \\$aY$d20230822
=SRC  \\$aCoherent Digital WHO$bwhoJuly23.mrc
=LAS  \\$aBATCH-UPD$b00$c20230822$lBLL01$h1136

