=LDR  05288nam a22004333i 4500
=001  021183180
=003  Uk
=005  20230822113338.0
=006  m\\\\||\\d\|\\\\\\
=007  cr\|||||||||||
=008  230811s2023\\\\sz\|||||o\\\\||||\||mac\\
=FMT  \\$a  BK
=037  \\$bWHO
=040  \\$aVaAlCD$beng$cVaAlCD$dUk
=041  \\$amac
=245  00$aВоспоставување на единици за анализа на бихевиористички aспек- ти за подобрување на резултатите во здрав- ството: прашања релевантни за националните здравствени власти /$cСветска здравствена организација. Регионална канцеларија за Европа.
=264  \1$a[Switzerland] :$bWorld Health Organization,$c2023.
=300  \\$a1 online resource.
=336  \\$atext$2rdacontent
=337  \\$acomputer$2rdamedia
=338  \\$aonline resource$2rdacarrier
=520  3\$aРазбирањето на човековото однесување и неговиот културолошки контекст може да ни донесе важни сознанија што ќе го поддржат здравото однесување во секојдневниот живот на луѓето и начинот на кој тие ги користат здравствените услуги. Голем број држави инвестираат сè повеќе во разбирањето на бихевиористичките, културолошките и општествените фактори што влијаат на однесувањето за да формираат поефективни политики и услуги кои во поголема мера ќе се засноваат на докази, а во чиј центар ќе бидат самите луѓе. Специјална единица за бихевиористички аспекти (‎БА)‎ која би била дел од министерството за здравство, институтите за јавно здравје или некоја друга институција може да биде двигател на имплементацијата и влијанието на БА. Веројатно е дека ваквите единици ќе се повикуваат на различни дисциплини и ќе имаат различни називи и области во фокусот на нивната работа (‎за поголема едноставност, сите такви единици во овој документ ќе бидат нарекувани единици за БА)‎. Врз основа на искуствата на другите субјекти што веќе имаат воспоставено вакви единици, овој документ нуди осум прашања релевантни за земјите што сакаат да воспостават единици за БА: 1. Обезбедување учество и инволвираност на засегнатите страни 2. Одредување на локацијата 3. Идентификација на изворите на финансирање 4. Развивање на стратегија 5. Планирање на кадрите и надградба на вештините на членовите на тимот 6. Идентификација на областите клучни за здравството 7. Планирање на проектите: комбинација на комплексни проекти, брзи победи и политички совети 8. Управување со етичките прашања. Секоја од земјите од Европскиот регион на СЗО е различна. Осумте релевантни прашања нудат почетна точка во процената како да се воспостави единица за БА којашто ќе биде двигател на постигнувањето на подобро здравје за сите.
=653  \\$aCulture
=653  \\$aPublic Health
=653  \\$abehavior
=653  \\$abehavioral research
=653  \\$aculture
=653  \\$apublic health
=653  \\$aкопенхаген
=700  1\$aСветска здравствена организација. Регионална канцеларија за Европа.
=710  2\$aWorld Health Organization.
=856  4\$uhttps://policycommons.net/artifacts/3364410/vospostavuvanje-na-edinitsi-za-analiza-na-bikhevioristichki-aspek-ti-za-podobruvanje-na-rezultatite-vo-zdrav-stvoto/4163067/$yWorld Health Organization document$ahttps://policycommons.net/
=859  \\$aORR$bWorld Health Organization
=884  \\$aLDL ebooks tsv to marcxml transformation using XSLTtest.xsl$g20230811$qUk
=CAT  \\$aBATCH-IGO$b00$c20230822$lBLL01$h1133
=CAT  \\$aBATCH-UPD$b00$c20230822$lBLL01$h1136
=FIN  \\$aY$d20230822
=SRC  \\$aCoherent Digital WHO$bwhoJuly23.mrc
=LAS  \\$aBATCH-UPD$b00$c20230822$lBLL01$h1136

