=LDR  02064nam a22004813i 4500
=001  021183184
=003  Uk
=005  20230822113338.0
=006  m\\\\||\\d\|\\\\\\
=007  cr\|||||||||||
=008  230811s2023\\\\sz\|||||o\\\\||||\||eng\\
=FMT  \\$a  BK
=037  \\$bWHO
=040  \\$aVaAlCD$beng$cVaAlCD$dUk
=245  00$aSummary report on the Regional technical meeting on strengthening risk communication and community engagement in the Eastern Mediterranean Region/Middle East and North Africa, Cairo, Egypt 23-27 October 2022 /$cWorld Health Organization. Regional Office for the Eastern Mediterranean.
=264  \1$a[Switzerland] :$bWorld Health Organization,$c2023.
=300  \\$a1 online resource.
=336  \\$atext$2rdacontent
=337  \\$acomputer$2rdamedia
=338  \\$aonline resource$2rdacarrier
=520  3\$a10:00 PM.
=653  \\$aCommunicable Diseases
=653  \\$aCOVID-19
=653  \\$aRisk Management
=653  \\$abetacoronavirus
=653  \\$acairo
=653  \\$acommunicable diseases
=653  \\$acommunicable diseases, emerging
=653  \\$acommunication
=653  \\$acovid-19
=653  \\$adisease outbreaks
=653  \\$aprevention & control
=653  \\$arisk management
=710  2\$aWorld Health Organization.
=720  \\$aWorld Health Organization. Regional Office for the Eastern Mediterranean
=856  4\$uhttps://policycommons.net/artifacts/4308727/summary-report-on-the-regional-technical-meeting-on-strengthening-risk-communication-and-community-engagement-in-the-eastern-mediterranean-regionmiddle-east-and-north-africa-cairo-egypt-23-27-october-2022/5119098/$yWorld Health Organization document$ahttps://policycommons.net/
=859  \\$aORR$bWorld Health Organization
=884  \\$aLDL ebooks tsv to marcxml transformation using XSLTtest.xsl$g20230811$qUk
=CAT  \\$aBATCH-IGO$b00$c20230822$lBLL01$h1133
=CAT  \\$aBATCH-UPD$b00$c20230822$lBLL01$h1136
=FIN  \\$aY$d20230822
=SRC  \\$aCoherent Digital WHO$bwhoJuly23.mrc
=LAS  \\$aBATCH-UPD$b00$c20230822$lBLL01$h1136

