=LDR  01491nam a22004093i 4500
=001  021183187
=003  Uk
=005  20230822113338.0
=006  m\\\\||\\d\|\\\\\\
=007  cr\|||||||||||
=008  230811s2023\\\\sz\|||||o\\\\||||\||por\\
=FMT  \\$a  BK
=037  \\$bWHO
=040  \\$aVaAlCD$beng$cVaAlCD$dUk
=041  \\$apor
=245  00$aIntegrando a saúde ao planejamento urbano e territorial: guia de referência /$cOrganização Mundial da Saúde.
=264  \1$a[Switzerland] :$bWorld Health Organization,$c2023.
=300  \\$a1 online resource.
=336  \\$atext$2rdacontent
=337  \\$acomputer$2rdamedia
=338  \\$aonline resource$2rdacarrier
=520  3\$axiv, 89 p.
=653  \\$aUrban Planning
=653  \\$acity planning
=653  \\$agenebra
=653  \\$aurban health
=653  \\$aurban health services
=710  2\$aWorld Health Organization.
=720  \\$aOrganização Mundial da Saúde
=856  4\$uhttps://policycommons.net/artifacts/3454802/integrando-a-saude-ao-planejamento-urbano-e-territorial/4255116/$yWorld Health Organization document$ahttps://policycommons.net/
=859  \\$aORR$bWorld Health Organization
=884  \\$aLDL ebooks tsv to marcxml transformation using XSLTtest.xsl$g20230811$qUk
=CAT  \\$aBATCH-IGO$b00$c20230822$lBLL01$h1133
=CAT  \\$aBATCH-UPD$b00$c20230822$lBLL01$h1136
=FIN  \\$aY$d20230822
=SRC  \\$aCoherent Digital WHO$bwhoJuly23.mrc
=LAS  \\$aBATCH-UPD$b00$c20230822$lBLL01$h1136

