=LDR  02231nam a22004573i 4500
=001  021183193
=003  Uk
=005  20230822113338.0
=006  m\\\\||\\d\|\\\\\\
=007  cr\|||||||||||
=008  230811s2023\\\\sz\|||||o\\\\||||\||eng\\
=FMT  \\$a  BK
=037  \\$bWHO
=040  \\$aVaAlCD$beng$cVaAlCD$dUk
=245  00$aPszichológiai elsősegély: Útmutató a helyszínen dolgozók számára /$cEgészségügyi Világszervezet. Európai Regionális Iroda.
=264  \1$a[Switzerland] :$bWorld Health Organization,$c2023.
=300  \\$a1 online resource.
=336  \\$atext$2rdacontent
=337  \\$acomputer$2rdamedia
=338  \\$aonline resource$2rdacarrier
=520  3\$aEzt az útmutatót azzal a céllal dolgozták ki, hogy széles körben elfogadott, pszichológiai elsősegélyről szóló ismereteket tegyenek elérhetővé és alkalmazhatóvá alacsony és közepes jövedelmű országokban. Ez az útmutató - amelyet számos nemzetközi szervezet jóváhagyott - tükrözi a kialakulóban lévő tudásanyagot és nemzetközi konszenzust arról, hogyan támogathatjuk közvetlenül az embereket rendkívüli veszélyérzetet jelentő események után.
=653  \\$aEmergency Medical Services
=653  \\$aNatural Disasters
=653  \\$aadaptation, psychological
=653  \\$acrisis intervention
=653  \\$adisasters
=653  \\$aemergency medical services
=653  \\$afirst aid
=653  \\$ahandbook
=653  \\$akoppenhága
=653  \\$astress disorders, traumatic
=710  2\$aWorld Health Organization.
=720  \\$aEgészségügyi Világszervezet. Európai Regionális Iroda
=856  4\$uhttps://policycommons.net/artifacts/3377751/pszichologiai-elsosegely/4176637/$yWorld Health Organization document$ahttps://policycommons.net/
=859  \\$aORR$bWorld Health Organization
=884  \\$aLDL ebooks tsv to marcxml transformation using XSLTtest.xsl$g20230811$qUk
=CAT  \\$aBATCH-IGO$b00$c20230822$lBLL01$h1133
=CAT  \\$aBATCH-UPD$b00$c20230822$lBLL01$h1136
=FIN  \\$aY$d20230822
=SRC  \\$aCoherent Digital WHO$bwhoJuly23.mrc
=LAS  \\$aBATCH-UPD$b00$c20230822$lBLL01$h1136

