=LDR  01872nam a22004693i 4500
=001  021183194
=003  Uk
=005  20230822113338.0
=006  m\\\\||\\d\|\\\\\\
=007  cr\|||||||||||
=008  230811s2023\\\\sz\|||||o\\\\||||\||fre\\
=FMT  \\$a  BK
=037  \\$bWHO
=040  \\$aVaAlCD$beng$cVaAlCD$dUk
=041  \\$afre
=245  00$aDocument d'orientation à l'intention des équipes médicales intervenant en cas d'urgence sanitaire lors de conflits armés et dans d'autres environnements dangereux /$cOrganisation mondiale de la Santé.
=264  \1$a[Switzerland] :$bWorld Health Organization,$c2023.
=300  \\$a1 online resource.
=336  \\$atext$2rdacontent
=337  \\$acomputer$2rdamedia
=338  \\$aonline resource$2rdacarrier
=520  3\$axv, 188 p.
=653  \\$aArmed Conflicts
=653  \\$aEmergency Medical Services
=653  \\$aarmed conflicts
=653  \\$aemergencies
=653  \\$aemergency medical services
=653  \\$aemergency medicine
=653  \\$agenève
=653  \\$ahospital rapid response team
=653  \\$arelief work
=653  \\$astandards
=710  2\$aWorld Health Organization.
=720  \\$aOrganisation mondiale de la Santé
=856  4\$uhttps://policycommons.net/artifacts/3495311/document-dorientation-a-lintention-des-equipes-medicales-intervenant-en-cas-durgence-sanitaire-lors-de-conflits-armes-et-dans-dautres-environnements-dangereux/4295848/$yWorld Health Organization document$ahttps://policycommons.net/
=859  \\$aORR$bWorld Health Organization
=884  \\$aLDL ebooks tsv to marcxml transformation using XSLTtest.xsl$g20230811$qUk
=CAT  \\$aBATCH-IGO$b00$c20230822$lBLL01$h1133
=CAT  \\$aBATCH-UPD$b00$c20230822$lBLL01$h1136
=FIN  \\$aY$d20230822
=SRC  \\$aCoherent Digital WHO$bwhoJuly23.mrc
=LAS  \\$aBATCH-UPD$b00$c20230822$lBLL01$h1136

