=LDR  02257nam a22004093i 4500
=001  021183207
=003  Uk
=005  20230822113338.0
=006  m\\\\||\\d\|\\\\\\
=007  cr\|||||||||||
=008  230811s2023\\\\sz\|||||o\\\\||||\||eng\\
=FMT  \\$a  BK
=037  \\$bWHO
=040  \\$aVaAlCD$beng$cVaAlCD$dUk
=245  00$aStandardized package of community-based support services to improve tuberculosis outcomes: a guide for affected community and civil society organizations, national tuberculosis programmes and policy-makers in eastern Europe and central Asia: web-annex: costing tool /$cWorld Health Organization. Regional Office for Europe.
=264  \1$a[Switzerland] :$bWorld Health Organization,$c2023.
=300  \\$a1 online resource.
=336  \\$atext$2rdacontent
=337  \\$acomputer$2rdamedia
=338  \\$aonline resource$2rdacarrier
=520  3\$aThis costing tool is an annex to the costing methodology, which is an integral part of Standardized package of community-based support services to improve tuberculosis outcomes and is aimed to provide the national stakeholders such as the Ministries of Health, National Tuberculosis Programmes (‎NPTs)‎ and civil society organizations in eastern Europe and central Asia with a practical tool to project costs of community-based support services for TB and thus support the implementation of the package.
=653  \\$aHealth Services
=653  \\$aTuberculosis
=653  \\$abudgets
=653  \\$acommunity health services
=653  \\$acopenhagen
=653  \\$atuberculosis
=710  2\$aWorld Health Organization.
=720  \\$aWorld Health Organization. Regional Office for Europe
=856  4\$uhttps://policycommons.net/artifacts/4327879/standardized-package-of-community-based-support-services-to-improve-tuberculosis-outcomes/5136485/$yWorld Health Organization document$ahttps://policycommons.net/
=859  \\$aORR$bWorld Health Organization
=884  \\$aLDL ebooks tsv to marcxml transformation using XSLTtest.xsl$g20230811$qUk
=CAT  \\$aBATCH-IGO$b00$c20230822$lBLL01$h1133
=CAT  \\$aBATCH-UPD$b00$c20230822$lBLL01$h1136
=FIN  \\$aY$d20230822
=SRC  \\$aCoherent Digital WHO$bwhoJuly23.mrc
=LAS  \\$aBATCH-UPD$b00$c20230822$lBLL01$h1136

