=LDR  01792nam a22004813i 4500
=001  021183209
=003  Uk
=005  20230822113338.0
=006  m\\\\||\\d\|\\\\\\
=007  cr\|||||||||||
=008  230811s2023\\\\sz\|||||o\\\\||||\||spa\\
=FMT  \\$a  BK
=037  \\$bWHO
=040  \\$aVaAlCD$beng$cVaAlCD$dUk
=041  \\$aspa
=245  00$aPoner fin a la desatención para alcanzar los objetivos de desarrollo sostenible: estrategia mundial sobre agua, saneamiento e higiene para luchar contra las enfermedades tropicales desatendidas, 2021-2030 /$cOrganización Mundial de la Salud.
=264  \1$a[Switzerland] :$bWorld Health Organization,$c2023.
=300  \\$a1 online resource.
=336  \\$atext$2rdacontent
=337  \\$acomputer$2rdamedia
=338  \\$aonline resource$2rdacarrier
=520  3\$avi, 26 p.
=653  \\$aDrinking Water
=653  \\$aSanitation
=653  \\$aWater
=653  \\$aWater quality
=653  \\$adrinking water
=653  \\$aginebra
=653  \\$ahygiene
=653  \\$aneglected diseases
=653  \\$asanitation
=653  \\$awater
=653  \\$awater quality
=710  2\$aWorld Health Organization.
=720  \\$aOrganización Mundial de la Salud
=856  4\$uhttps://policycommons.net/artifacts/3447161/poner-fin-a-la-desatencion-para-alcanzar-los-objetivos-de-desarrollo-sostenible/4247309/$yWorld Health Organization document$ahttps://policycommons.net/
=859  \\$aORR$bWorld Health Organization
=884  \\$aLDL ebooks tsv to marcxml transformation using XSLTtest.xsl$g20230811$qUk
=CAT  \\$aBATCH-IGO$b00$c20230822$lBLL01$h1133
=CAT  \\$aBATCH-UPD$b00$c20230822$lBLL01$h1136
=FIN  \\$aY$d20230822
=SRC  \\$aCoherent Digital WHO$bwhoJuly23.mrc
=LAS  \\$aBATCH-UPD$b00$c20230822$lBLL01$h1136

