=LDR  01585nam a22004453i 4500
=001  021183211
=003  Uk
=005  20230822113338.0
=006  m\\\\||\\d\|\\\\\\
=007  cr\|||||||||||
=008  230811s2023\\\\sz\|||||o\\\\||||\||chi\\
=FMT  \\$a  BK
=037  \\$bWHO
=040  \\$aVaAlCD$beng$cVaAlCD$dUk
=041  \\$achi
=245  00$a人民权利: 有非传染性疾病、精神卫生疾病和 神经系统疾病生活经历的人员的观点 /$c世界卫生组织.
=264  \1$a[Switzerland] :$bWorld Health Organization,$c2023.
=300  \\$a1 online resource.
=336  \\$atext$2rdacontent
=337  \\$acomputer$2rdamedia
=338  \\$aonline resource$2rdacarrier
=520  3\$av, 69 页.
=653  \\$aMental Health
=653  \\$acase reports
=653  \\$ahealth care quality, access, and evaluation
=653  \\$ahealth equity
=653  \\$amental health
=653  \\$aneurologic manifestations
=653  \\$anoncommunicable diseases
=653  \\$a日内瓦
=700  1\$a世界卫生组织.
=710  2\$aWorld Health Organization.
=856  4\$uhttps://policycommons.net/artifacts/3818050/ren-min-quan-li/4623965/$yWorld Health Organization document$ahttps://policycommons.net/
=859  \\$aORR$bWorld Health Organization
=884  \\$aLDL ebooks tsv to marcxml transformation using XSLTtest.xsl$g20230811$qUk
=CAT  \\$aBATCH-IGO$b00$c20230822$lBLL01$h1133
=CAT  \\$aBATCH-UPD$b00$c20230822$lBLL01$h1136
=FIN  \\$aY$d20230822
=SRC  \\$aCoherent Digital WHO$bwhoJuly23.mrc
=LAS  \\$aBATCH-UPD$b00$c20230822$lBLL01$h1136

