=LDR  01416nam a22003973i 4500
=001  021183221
=003  Uk
=005  20230822113339.0
=006  m\\\\||\\d\|\\\\\\
=007  cr\|||||||||||
=008  230811s2023\\\\sz\|||||o\\\\||||\||chi\\
=FMT  \\$a  BK
=037  \\$bWHO
=040  \\$aVaAlCD$beng$cVaAlCD$dUk
=041  \\$achi
=245  00$a监测和信息共享业务工具: 人畜共患病三方指南的业务工具 /$c世界卫生组织.
=264  \1$a[Switzerland] :$bWorld Health Organization,$c2023.
=300  \\$a1 online resource.
=336  \\$atext$2rdacontent
=337  \\$acomputer$2rdamedia
=338  \\$aonline resource$2rdacarrier
=520  3\$avi, 59 页.
=653  \\$aintersectoral collaboration
=653  \\$aone health
=653  \\$azoonoses
=653  \\$a日内瓦
=700  1\$a世界卫生组织.
=710  2\$aWorld Health Organization.
=856  4\$uhttps://policycommons.net/artifacts/3374676/jian-ce-he-xin-xi-gong-xiang-ye-wu-gong-ju/4173522/$yWorld Health Organization document$ahttps://policycommons.net/
=859  \\$aORR$bWorld Health Organization
=884  \\$aLDL ebooks tsv to marcxml transformation using XSLTtest.xsl$g20230811$qUk
=CAT  \\$aBATCH-IGO$b00$c20230822$lBLL01$h1133
=CAT  \\$aBATCH-UPD$b00$c20230822$lBLL01$h1136
=FIN  \\$aY$d20230822
=SRC  \\$aCoherent Digital WHO$bwhoJuly23.mrc
=LAS  \\$aBATCH-UPD$b00$c20230822$lBLL01$h1136

