=LDR  01747nam a22003973i 4500
=001  021183222
=003  Uk
=005  20230822113339.0
=006  m\\\\||\\d\|\\\\\\
=007  cr\|||||||||||
=008  230811s2023\\\\sz\|||||o\\\\||||\||fre\\
=FMT  \\$a  BK
=037  \\$bWHO
=040  \\$aVaAlCD$beng$cVaAlCD$dUk
=041  \\$afre
=245  00$aStratégie de l'Organisation mondiale de la Santé pour la collaboration avec les chefs religieux, les organisations d'inspiration religieuse et les communautés de croyants lors des urgences sanitaires /$cOrganisation mondiale de la Santé.
=264  \1$a[Switzerland] :$bWorld Health Organization,$c2023.
=300  \\$a1 online resource.
=336  \\$atext$2rdacontent
=337  \\$acomputer$2rdamedia
=338  \\$aonline resource$2rdacarrier
=520  3\$a11:00 PM.
=653  \\$aemergencies
=653  \\$afaith-based organizations
=653  \\$agenève
=653  \\$ainterinstitutional relations
=710  2\$aWorld Health Organization.
=720  \\$aOrganisation mondiale de la Santé
=856  4\$uhttps://policycommons.net/artifacts/3449039/strategie-de-lorganisation-mondiale-de-la-sante-pour-la-collaboration-avec-les-chefs-religieux-les-organisations-dinspiration-religieuse-et-les-communautes-de-croyants-lors-des-urgences-sanitaires/4249248/$yWorld Health Organization document$ahttps://policycommons.net/
=859  \\$aORR$bWorld Health Organization
=884  \\$aLDL ebooks tsv to marcxml transformation using XSLTtest.xsl$g20230811$qUk
=CAT  \\$aBATCH-IGO$b00$c20230822$lBLL01$h1133
=CAT  \\$aBATCH-UPD$b00$c20230822$lBLL01$h1136
=FIN  \\$aY$d20230822
=SRC  \\$aCoherent Digital WHO$bwhoJuly23.mrc
=LAS  \\$aBATCH-UPD$b00$c20230822$lBLL01$h1136

