=LDR  01813nam a22004093i 4500
=001  021183227
=003  Uk
=005  20230822113339.0
=006  m\\\\||\\d\|\\\\\\
=007  cr\|||||||||||
=008  230811s2023\\\\sz\|||||o\\\\||||\||fre\\
=FMT  \\$a  BK
=037  \\$bWHO
=040  \\$aVaAlCD$beng$cVaAlCD$dUk
=041  \\$afre
=245  00$aCapacité des personnels nationaux pour la mise en œuvre des fonctions essentielles de santé publique, en mettant l'accent sur la préparation et la riposte aux situations d'urgence : feuille de route pour l'alignement des contributions de l'OMS et des partenaires /$cOrganisation mondiale de la Santé.
=264  \1$a[Switzerland] :$bWorld Health Organization,$c2023.
=300  \\$a1 online resource.
=336  \\$atext$2rdacontent
=337  \\$acomputer$2rdamedia
=338  \\$aonline resource$2rdacarrier
=520  3\$avi, 19 p.
=653  \\$adelivery of health care
=653  \\$aemergency responders
=653  \\$agenève
=653  \\$ahealth workforce
=653  \\$aworkforce
=710  2\$aWorld Health Organization.
=720  \\$aOrganisation mondiale de la Santé
=856  4\$uhttps://policycommons.net/artifacts/3441279/capacite-des-personnels-nationaux-pour-la-mise-en-oeuvre-des-fonctions-essentielles-de-sante-publique-en-mettant-laccent-sur-la-preparation-et-la-riposte-aux-situations-durgence/4241252/$yWorld Health Organization document$ahttps://policycommons.net/
=859  \\$aORR$bWorld Health Organization
=884  \\$aLDL ebooks tsv to marcxml transformation using XSLTtest.xsl$g20230811$qUk
=CAT  \\$aBATCH-IGO$b00$c20230822$lBLL01$h1133
=CAT  \\$aBATCH-UPD$b00$c20230822$lBLL01$h1136
=FIN  \\$aY$d20230822
=SRC  \\$aCoherent Digital WHO$bwhoJuly23.mrc
=LAS  \\$aBATCH-UPD$b00$c20230822$lBLL01$h1136

