=LDR  01762nam a22004453i 4500
=001  021183229
=003  Uk
=005  20230822113339.0
=006  m\\\\||\\d\|\\\\\\
=007  cr\|||||||||||
=008  230811s2023\\\\sz\|||||o\\\\||||\||fre\\
=FMT  \\$a  BK
=037  \\$bWHO
=040  \\$aVaAlCD$beng$cVaAlCD$dUk
=041  \\$afre
=245  00$aEnquêtes par sites sentinelles sur la résistance acquise du VIH au dolutégravir chez les personnes sous traitement antirétroviral incluant ce médicament /$cOrganisation mondiale de la Santé.
=264  \1$a[Switzerland] :$bWorld Health Organization,$c2023.
=300  \\$a1 online resource.
=336  \\$atext$2rdacontent
=337  \\$acomputer$2rdamedia
=338  \\$aonline resource$2rdacarrier
=520  3\$aviii, 17 p.
=653  \\$aAids
=653  \\$aanti-retroviral agents
=653  \\$adrug resistance
=653  \\$adrug therapy
=653  \\$agenève
=653  \\$ahealth surveys
=653  \\$ahiv infections
=653  \\$atherapeutic use
=710  2\$aWorld Health Organization.
=720  \\$aOrganisation mondiale de la Santé
=856  4\$uhttps://policycommons.net/artifacts/3496083/enquetes-par-sites-sentinelles-sur-la-resistance-acquise-du-vih-au-dolutegravir-chez-les-personnes-sous-traitement-antiretroviral-incluant-ce-medicament/4296675/$yWorld Health Organization document$ahttps://policycommons.net/
=859  \\$aORR$bWorld Health Organization
=884  \\$aLDL ebooks tsv to marcxml transformation using XSLTtest.xsl$g20230811$qUk
=CAT  \\$aBATCH-IGO$b00$c20230822$lBLL01$h1133
=CAT  \\$aBATCH-UPD$b00$c20230822$lBLL01$h1136
=FIN  \\$aY$d20230822
=SRC  \\$aCoherent Digital WHO$bwhoJuly23.mrc
=LAS  \\$aBATCH-UPD$b00$c20230822$lBLL01$h1136

