=LDR  01427nam a22003973i 4500
=001  021183231
=003  Uk
=005  20230822113339.0
=006  m\\\\||\\d\|\\\\\\
=007  cr\|||||||||||
=008  230811s2023\\\\sz\|||||o\\\\||||\||chi\\
=FMT  \\$a  BK
=037  \\$bWHO
=040  \\$aVaAlCD$beng$cVaAlCD$dUk
=041  \\$achi
=245  00$a2023年被忽视的热带病全球报告：执行摘要 /$c世界卫生组织.
=264  \1$a[Switzerland] :$bWorld Health Organization,$c2023.
=300  \\$a1 online resource.
=336  \\$atext$2rdacontent
=337  \\$acomputer$2rdamedia
=338  \\$aonline resource$2rdacarrier
=520  3\$a[‎2]‎ 页.
=653  \\$aglobal health
=653  \\$aneglected diseases
=653  \\$atropical medicine
=653  \\$a日内瓦
=700  1\$a世界卫生组织.
=710  2\$aWorld Health Organization.
=856  4\$uhttps://policycommons.net/artifacts/3526210/2023nian-bei-hu-shi-de-re-dai-bing-quan-qiu-bao-gao-zhi-xing-zhai-yao/4326930/$yWorld Health Organization document$ahttps://policycommons.net/
=859  \\$aORR$bWorld Health Organization
=884  \\$aLDL ebooks tsv to marcxml transformation using XSLTtest.xsl$g20230811$qUk
=CAT  \\$aBATCH-IGO$b00$c20230822$lBLL01$h1133
=CAT  \\$aBATCH-UPD$b00$c20230822$lBLL01$h1136
=FIN  \\$aY$d20230822
=SRC  \\$aCoherent Digital WHO$bwhoJuly23.mrc
=LAS  \\$aBATCH-UPD$b00$c20230822$lBLL01$h1136

