=LDR  01557nam a22003973i 4500
=001  021183233
=003  Uk
=005  20230822113339.0
=006  m\\\\||\\d\|\\\\\\
=007  cr\|||||||||||
=008  230811s2023\\\\sz\|||||o\\\\||||\||chi\\
=FMT  \\$a  BK
=037  \\$bWHO
=040  \\$aVaAlCD$beng$cVaAlCD$dUk
=041  \\$achi
=245  00$a世界卫生组织关于宗教领袖、信仰组织和信仰团体参与应对突发卫生事件的战略 /$c世界卫生组织.
=264  \1$a[Switzerland] :$bWorld Health Organization,$c2023.
=300  \\$a1 online resource.
=336  \\$atext$2rdacontent
=337  \\$acomputer$2rdamedia
=338  \\$aonline resource$2rdacarrier
=520  3\$a10 页.
=653  \\$aemergencies
=653  \\$afaith-based organizations
=653  \\$ainterinstitutional relations
=653  \\$a日内瓦
=700  1\$a世界卫生组织.
=710  2\$aWorld Health Organization.
=856  4\$uhttps://policycommons.net/artifacts/3449042/shi-jie-wei-sheng-zu-zhi-guan-yu-zong-jiao-ling-xiu-xin-yang-zu-zhi-he-xin-yang-tuan-ti-can-yu-ying-dui-tu-fa-wei-sheng-shi-jian-de-zhan-lue/4249269/$yWorld Health Organization document$ahttps://policycommons.net/
=859  \\$aORR$bWorld Health Organization
=884  \\$aLDL ebooks tsv to marcxml transformation using XSLTtest.xsl$g20230811$qUk
=CAT  \\$aBATCH-IGO$b00$c20230822$lBLL01$h1133
=CAT  \\$aBATCH-UPD$b00$c20230822$lBLL01$h1136
=FIN  \\$aY$d20230822
=SRC  \\$aCoherent Digital WHO$bwhoJuly23.mrc
=LAS  \\$aBATCH-UPD$b00$c20230822$lBLL01$h1136

