=LDR  03224nam a22004213i 4500
=001  021183248
=003  Uk
=005  20230822113339.0
=006  m\\\\||\\d\|\\\\\\
=007  cr\|||||||||||
=008  230811s2023\\\\sz\|||||o\\\\||||\||eng\\
=FMT  \\$a  BK
=037  \\$bWHO
=040  \\$aVaAlCD$beng$cVaAlCD$dUk
=245  00$aМісія технічної підтримки України з питань обмежень життєдіяльності, реабілітації та допоміжних технологій /$cВсесвітня організація охорони здоров'я. Європейське регіональне бюро.
=264  \1$a[Switzerland] :$bWorld Health Organization,$c2023.
=300  \\$a1 online resource.
=336  \\$atext$2rdacontent
=337  \\$acomputer$2rdamedia
=338  \\$aonline resource$2rdacarrier
=520  3\$aЗ початку широкомасштабного вторгнення в Україну Російської Федерації, яке розпочалось в лютому 2022 р., потреба в реабілітації та допоміжних технологіях стала край значною, як ніколи. В той же час ВООЗ має зобов'язання щодо захисту найбільш вразливих верств населення, зокрема осіб з обмеженнями життєдіяльності. Оскільки ВООЗ вже підтримувала Україну щодо розвитку її реабілітаційних послуг протягом кількох років, вона надала відповідь негайно. Технічну місію було проведено в липні 2022 р. для оцінювання ситуації та вимог щодо реабілітації та допоміжних технологій, включно для осіб з обмеженнями життєдіяльності. Звіт підсумовує висновки та рекомендації місії для сприяння спільному, ефективному та інклюзивному реагуванню.
=653  \\$aTechnology
=653  \\$aUkraine
=653  \\$adisability studies
=653  \\$arehabilitation
=653  \\$atechnology
=653  \\$aukraine
=653  \\$aкопенгаген
=700  1\$aВсесвітня організація охорони здоров'я. Європейське регіональне бюро.
=710  2\$aWorld Health Organization.
=856  4\$uhttps://policycommons.net/artifacts/3457070/misiia-tekhnichnoyi-pidtrimki-ukrayini-z-pitan-obmezhen-zhittiediialnosti-reabilitatsiyi-ta-dopomizhnikh-tekhnologii/4257533/$yWorld Health Organization document$ahttps://policycommons.net/
=859  \\$aORR$bWorld Health Organization
=884  \\$aLDL ebooks tsv to marcxml transformation using XSLTtest.xsl$g20230811$qUk
=CAT  \\$aBATCH-IGO$b00$c20230822$lBLL01$h1133
=CAT  \\$aBATCH-UPD$b00$c20230822$lBLL01$h1136
=FIN  \\$aY$d20230822
=SRC  \\$aCoherent Digital WHO$bwhoJuly23.mrc
=LAS  \\$aBATCH-UPD$b00$c20230822$lBLL01$h1136

