=LDR  03164nam a22004213i 4500
=001  021183251
=003  Uk
=005  20230822113339.0
=006  m\\\\||\\d\|\\\\\\
=007  cr\|||||||||||
=008  230811s2023\\\\sz\|||||o\\\\||||\||eng\\
=FMT  \\$a  BK
=037  \\$bWHO
=040  \\$aVaAlCD$beng$cVaAlCD$dUk
=245  00$aHealth and care data: approaches to data linkage for evidence-informed policy /$cEuropean Observatory on Health Systems and Policies.
=264  \1$a[Switzerland] :$bWorld Health Organization,$c2023.
=300  \\$a1 online resource.
=336  \\$atext$2rdacontent
=337  \\$acomputer$2rdamedia
=338  \\$aonline resource$2rdacarrier
=520  3\$aAn indispensable prerequisite for answering research questions in health services research is the availability and accessibility of comprehensive, high quality data. It can be assumed that health services research in the comingyears will be increasingly based on data linkage, i.e., the linking, or connecting, of several data sources based on suitable common key variables. A range of approaches to data collection, storage, linkage and availability exists across countries, particularly for secondary research purposes (‎i.e., the use of data initially collected for other purposes)‎, such as health systems research. The main goal of this review is to develop an overview of, and gain insights into, current approaches to linking data sources in the context of health services research, with the view to inform policy, based on existing practices in high-income countries in Europe and beyond. In doing so, another objective is to provide lessons for countries looking for possible or alternative approaches to data linkage. Thirteen country case studies of data linkage approaches were selected and analyzed. Rather than being comprehensive, this review aimed to identify varied and potentially useful case studies to showcase different approaches to data linkage worldwide. A conceptual framework was developed to guide the selection and description of case studies. Information was first identified and collected from publicly available sources and a profile was then created for each country and each case study.
=520  3\$athese profiles were forwarded to appropriate country experts for validation and completion.
=653  \\$acopenhagen
=653  \\$adata collection
=653  \\$adelivery of health care
=653  \\$afinancing, organized
=653  \\$ahealth care economics and organizations
=653  \\$ahealth care reform
=710  2\$aWorld Health Organization.
=720  \\$aEuropean Observatory on Health Systems and Policies
=856  4\$uhttps://policycommons.net/artifacts/4464855/health-and-care-data/5262158/$yWorld Health Organization document$ahttps://policycommons.net/
=859  \\$aORR$bWorld Health Organization
=884  \\$aLDL ebooks tsv to marcxml transformation using XSLTtest.xsl$g20230811$qUk
=CAT  \\$aBATCH-IGO$b00$c20230822$lBLL01$h1133
=CAT  \\$aBATCH-UPD$b00$c20230822$lBLL01$h1136
=FIN  \\$aY$d20230822
=SRC  \\$aCoherent Digital WHO$bwhoJuly23.mrc
=LAS  \\$aBATCH-UPD$b00$c20230822$lBLL01$h1136

