=LDR  02304nam a22004213i 4500
=001  021183257
=003  Uk
=005  20230822113339.0
=006  m\\\\||\\d\|\\\\\\
=007  cr\|||||||||||
=008  230811s2023\\\\sz\|||||o\\\\||||\||eng\\
=FMT  \\$a  BK
=037  \\$bWHO
=040  \\$aVaAlCD$beng$cVaAlCD$dUk
=245  00$aTAP eszköztár: gyakorlatok, eszközök és sablonok Testreszabott Antimikrobiális rezisztencia Programok tervezéséhez /$cEgészségügyi Világszervezet. Európai Regionális Iroda.
=264  \1$a[Switzerland] :$bWorld Health Organization,$c2023.
=300  \\$a1 online resource.
=336  \\$atext$2rdacontent
=337  \\$acomputer$2rdamedia
=338  \\$aonline resource$2rdacarrier
=520  3\$aA Testreszabott Antimikrobiális rezisztencia Programok (‎Tailoring Antimicrobial Resistance Programmes)‎ folyamata segíti a tagállamokat az antimikrobiális rezisztencia (‎AMR)‎ terjedésének megfékezésére irányuló projektek elindításában és végrehajtásában. Az AMR összetett probléma, amely egyedi, helyzetspecifikus megoldásokat igényel. Ez a TAP-eszköztár egy sor gyakorlatot tartalmaz, és igazodik a TAP rövid útmutatóban felvázolt fázisokhoz. A TAP-eszköztárat úgy terveztük, hogy a TAP-munkacsoportok alkalmazhassák, miközben végighaladnak a TAP rövid útmutatóban felvázolt fázisokon. Az ebben az eszköztárban bemutatott.
=653  \\$aEurope
=653  \\$aPublic Health
=653  \\$abehavior
=653  \\$adrug resistance, microbial
=653  \\$aeurope
=653  \\$akoppenhága
=653  \\$apublic health
=710  2\$aWorld Health Organization.
=720  \\$aEgészségügyi Világszervezet. Európai Regionális Iroda
=856  4\$uhttps://policycommons.net/artifacts/3441909/tap-eszkoztar/4241883/$yWorld Health Organization document$ahttps://policycommons.net/
=859  \\$aORR$bWorld Health Organization
=884  \\$aLDL ebooks tsv to marcxml transformation using XSLTtest.xsl$g20230811$qUk
=CAT  \\$aBATCH-IGO$b00$c20230822$lBLL01$h1133
=CAT  \\$aBATCH-UPD$b00$c20230822$lBLL01$h1136
=FIN  \\$aY$d20230822
=SRC  \\$aCoherent Digital WHO$bwhoJuly23.mrc
=LAS  \\$aBATCH-UPD$b00$c20230822$lBLL01$h1136

