=LDR  01861nam a22004693i 4500
=001  021183262
=003  Uk
=005  20230822113339.0
=006  m\\\\||\\d\|\\\\\\
=007  cr\|||||||||||
=008  230811s2023\\\\sz\|||||o\\\\||||\||fre\\
=FMT  \\$a  BK
=037  \\$bWHO
=040  \\$aVaAlCD$beng$cVaAlCD$dUk
=041  \\$afre
=245  00$aManuel d'évaluation de la sécurité des patients au niveau des soins de santé primaires /$cOrganisation mondiale de la Santé. Bureau régional de la Méditerranée orientale.
=264  \1$a[Switzerland] :$bWorld Health Organization,$c2023.
=300  \\$a1 online resource.
=336  \\$atext$2rdacontent
=337  \\$acomputer$2rdamedia
=338  \\$aonline resource$2rdacarrier
=520  3\$a62 p.
=653  \\$aPrimary Health Care
=653  \\$acaire
=653  \\$ahealth care evaluation mechanisms
=653  \\$ahealth systems
=653  \\$ahospital-patient relations
=653  \\$apatient care management
=653  \\$apatient safety
=653  \\$aprimary health care
=653  \\$aprocess assessment, health care
=653  \\$aquality of health care
=710  2\$aWorld Health Organization.
=720  \\$aOrganisation mondiale de la Santé. Bureau régional de la Méditerranée orientale
=856  4\$uhttps://policycommons.net/artifacts/3741573/manuel-devaluation-de-la-securite-des-patients-au-niveau-des-soins-de-sante-primaires/4547419/$yWorld Health Organization document$ahttps://policycommons.net/
=859  \\$aORR$bWorld Health Organization
=884  \\$aLDL ebooks tsv to marcxml transformation using XSLTtest.xsl$g20230811$qUk
=CAT  \\$aBATCH-IGO$b00$c20230822$lBLL01$h1133
=CAT  \\$aBATCH-UPD$b00$c20230822$lBLL01$h1136
=FIN  \\$aY$d20230822
=SRC  \\$aCoherent Digital WHO$bwhoJuly23.mrc
=LAS  \\$aBATCH-UPD$b00$c20230822$lBLL01$h1136

