=LDR  01832nam a22004573i 4500
=001  021183268
=003  Uk
=005  20230822113339.0
=006  m\\\\||\\d\|\\\\\\
=007  cr\|||||||||||
=008  230811s2023\\\\sz\|||||o\\\\||||\||spa\\
=FMT  \\$a  BK
=037  \\$bWHO
=040  \\$aVaAlCD$beng$cVaAlCD$dUk
=041  \\$aspa
=245  00$aConjunto de herramientas de planificación familiar y atención integral para el aborto destinado a los trabajadores de atención primaria de salud: volumen 1: competencias /$cOrganización Mundial de la Salud.
=264  \1$a[Switzerland] :$bWorld Health Organization,$c2023.
=300  \\$a1 online resource.
=336  \\$atext$2rdacontent
=337  \\$acomputer$2rdamedia
=338  \\$aonline resource$2rdacarrier
=520  3\$avii, 64 p.
=653  \\$aPrimary Health Care
=653  \\$aReproductive Health
=653  \\$aabortion, induced
=653  \\$adecision making
=653  \\$afamily planning services
=653  \\$aginebra
=653  \\$ahealth workforce
=653  \\$aprimary health care
=653  \\$areproductive health
=710  2\$aWorld Health Organization.
=720  \\$aOrganización Mundial de la Salud
=856  4\$uhttps://policycommons.net/artifacts/3453759/conjunto-de-herramientas-de-planificacion-familiar-y-atencion-integral-para-el-aborto-destinado-a-los-trabajadores-de-atencion-primaria-de-salud/4254075/$yWorld Health Organization document$ahttps://policycommons.net/
=859  \\$aORR$bWorld Health Organization
=884  \\$aLDL ebooks tsv to marcxml transformation using XSLTtest.xsl$g20230811$qUk
=CAT  \\$aBATCH-IGO$b00$c20230822$lBLL01$h1133
=CAT  \\$aBATCH-UPD$b00$c20230822$lBLL01$h1136
=FIN  \\$aY$d20230822
=SRC  \\$aCoherent Digital WHO$bwhoJuly23.mrc
=LAS  \\$aBATCH-UPD$b00$c20230822$lBLL01$h1136

