=LDR  01652nam a22004333i 4500
=001  021183278
=003  Uk
=005  20230822113339.0
=006  m\\\\||\\d\|\\\\\\
=007  cr\|||||||||||
=008  230811s2023\\\\sz\|||||o\\\\||||\||chi\\
=FMT  \\$a  BK
=037  \\$bWHO
=040  \\$aVaAlCD$beng$cVaAlCD$dUk
=041  \\$achi
=245  00$a全球乳腺癌倡议实施框架：评估、加强和 扩大乳腺癌早期检测和管理服务: 执行摘要 /$c世界卫生组织.
=264  \1$a[Switzerland] :$bWorld Health Organization,$c2023.
=300  \\$a1 online resource.
=336  \\$atext$2rdacontent
=337  \\$acomputer$2rdamedia
=338  \\$aonline resource$2rdacarrier
=520  3\$a16 页.
=653  \\$abreast neoplasms
=653  \\$adelivery of health care
=653  \\$aearly detection of cancer
=653  \\$aearly diagnosis
=653  \\$aneoplasm invasiveness
=653  \\$awomen's health services
=653  \\$a日内瓦
=700  1\$a世界卫生组织.
=710  2\$aWorld Health Organization.
=856  4\$uhttps://policycommons.net/artifacts/3442571/quan-qiu-ru-xian-yan-chang-yi-shi-shi-kuang-jia-ping-gu-jia-qiang-he-kuo-da-ru-xian-yan-zao-qi-jian-ce-he-guan-li-fu-wu/4242559/$yWorld Health Organization document$ahttps://policycommons.net/
=859  \\$aORR$bWorld Health Organization
=884  \\$aLDL ebooks tsv to marcxml transformation using XSLTtest.xsl$g20230811$qUk
=CAT  \\$aBATCH-IGO$b00$c20230822$lBLL01$h1133
=CAT  \\$aBATCH-UPD$b00$c20230822$lBLL01$h1136
=FIN  \\$aY$d20230822
=SRC  \\$aCoherent Digital WHO$bwhoJuly23.mrc
=LAS  \\$aBATCH-UPD$b00$c20230822$lBLL01$h1136

