=LDR  01626nam a22004333i 4500
=001  021183280
=003  Uk
=005  20230822113339.0
=006  m\\\\||\\d\|\\\\\\
=007  cr\|||||||||||
=008  230811s2023\\\\sz\|||||o\\\\||||\||eng\\
=FMT  \\$a  BK
=037  \\$bWHO
=040  \\$aVaAlCD$beng$cVaAlCD$dUk
=041  \\$aeng
=245  00$aEvaluation of certain contaminants in food: ninety-third report of the Joint FAO/WHO Expert Committee on Food Additives /$cFood and Agriculture Organization of the United Nations.
=264  \1$a[Switzerland] :$bWorld Health Organization,$c2023.
=300  \\$a1 online resource.
=336  \\$atext$2rdacontent
=337  \\$acomputer$2rdamedia
=338  \\$aonline resource$2rdacarrier
=520  3\$aviii, 55 p.
=653  \\$aRisk Assessment
=653  \\$adietary exposure
=653  \\$afood additives
=653  \\$afood contamination
=653  \\$ageneva
=653  \\$arisk assessment
=653  \\$atrichothecenes
=710  2\$aWorld Health Organization.
=720  \\$aFood and Agriculture Organization of the United Nations
=856  4\$uhttps://policycommons.net/artifacts/3529929/evaluation-of-certain-contaminants-in-food/4330837/$yWorld Health Organization document$ahttps://policycommons.net/
=859  \\$aORR$bWorld Health Organization
=884  \\$aLDL ebooks tsv to marcxml transformation using XSLTtest.xsl$g20230811$qUk
=CAT  \\$aBATCH-IGO$b00$c20230822$lBLL01$h1133
=CAT  \\$aBATCH-UPD$b00$c20230822$lBLL01$h1136
=FIN  \\$aY$d20230822
=SRC  \\$aCoherent Digital WHO$bwhoJuly23.mrc
=LAS  \\$aBATCH-UPD$b00$c20230822$lBLL01$h1136

