=LDR  01593nam a22003733i 4500
=001  021183287
=003  Uk
=005  20230822113339.0
=006  m\\\\||\\d\|\\\\\\
=007  cr\|||||||||||
=008  230811s2023\\\\sz\|||||o\\\\||||\||fre\\
=FMT  \\$a  BK
=037  \\$bWHO
=040  \\$aVaAlCD$beng$cVaAlCD$dUk
=041  \\$afre
=245  00$aTrentième Comité permanent du Comité régional de l'Europe : Copenhague (‎Danemark)‎, les 1er et 2 décembre 2022 : rapport sur la deuxième session /$cdeuxième session Trentième Comité permanent du Comité régional de l'Europe.
=264  \1$a[Switzerland] :$bWorld Health Organization,$c2023.
=300  \\$a1 online resource.
=336  \\$atext$2rdacontent
=337  \\$acomputer$2rdamedia
=338  \\$aonline resource$2rdacarrier
=520  3\$a29 p.
=653  \\$acopenhague
=653  \\$aorganization and administration
=710  2\$aWorld Health Organization.
=720  \\$aTrentième Comité permanent du Comité régional de l'Europe, deuxième session
=856  4\$uhttps://policycommons.net/artifacts/3713111/trentieme-comite-permanent-du-comite-regional-de-leurope/4518957/$yWorld Health Organization document$ahttps://policycommons.net/
=859  \\$aORR$bWorld Health Organization
=884  \\$aLDL ebooks tsv to marcxml transformation using XSLTtest.xsl$g20230811$qUk
=CAT  \\$aBATCH-IGO$b00$c20230822$lBLL01$h1133
=CAT  \\$aBATCH-UPD$b00$c20230822$lBLL01$h1136
=FIN  \\$aY$d20230822
=SRC  \\$aCoherent Digital WHO$bwhoJuly23.mrc
=LAS  \\$aBATCH-UPD$b00$c20230822$lBLL01$h1136

