=LDR  01709nam a22004453i 4500
=001  021183296
=003  Uk
=005  20230822113339.0
=006  m\\\\||\\d\|\\\\\\
=007  cr\|||||||||||
=008  230811s2023\\\\sz\|||||o\\\\||||\||por\\
=FMT  \\$a  BK
=037  \\$bWHO
=040  \\$aVaAlCD$beng$cVaAlCD$dUk
=041  \\$apor
=245  00$aGuia para a institucionalização das contas nacionais de saúde na região Africana /$cOrganização Mundial da Saúde. Escritório Regional para a África.
=264  \1$a[Switzerland] :$bWorld Health Organization,$c2023.
=300  \\$a1 online resource.
=336  \\$atext$2rdacontent
=337  \\$acomputer$2rdamedia
=338  \\$aonline resource$2rdacarrier
=520  3\$axiv, 25 p.
=653  \\$aAccounting
=653  \\$aaccounting
=653  \\$abrazzaville
=653  \\$aeconomics, medical
=653  \\$afinancing, organized
=653  \\$aguideline
=653  \\$ahealthcare financing
=653  \\$anational health programs
=710  2\$aWorld Health Organization.
=720  \\$aOrganização Mundial da Saúde. Escritório Regional para a África
=856  4\$uhttps://policycommons.net/artifacts/3410343/guia-para-a-institucionalizacao-das-contas-nacionais-de-saude-na-regiao-africana/4209691/$yWorld Health Organization document$ahttps://policycommons.net/
=859  \\$aORR$bWorld Health Organization
=884  \\$aLDL ebooks tsv to marcxml transformation using XSLTtest.xsl$g20230811$qUk
=CAT  \\$aBATCH-IGO$b00$c20230822$lBLL01$h1133
=CAT  \\$aBATCH-UPD$b00$c20230822$lBLL01$h1136
=FIN  \\$aY$d20230822
=SRC  \\$aCoherent Digital WHO$bwhoJuly23.mrc
=LAS  \\$aBATCH-UPD$b00$c20230822$lBLL01$h1136

