=LDR  02951nam a22004813i 4500
=001  021183301
=003  Uk
=005  20230822113339.0
=006  m\\\\||\\d\|\\\\\\
=007  cr\|||||||||||
=008  230811s2023\\\\sz\|||||o\\\\||||\||eng\\
=FMT  \\$a  BK
=037  \\$bWHO
=040  \\$aVaAlCD$beng$cVaAlCD$dUk
=041  \\$aeng
=245  00$aDeep dives on the well-being economy showcasing the experiences of Finland, Iceland, Scotland and Wales: summary of key findings /$cWorld Health Organization. Regional Office for Europe.
=264  \1$a[Switzerland] :$bWorld Health Organization,$c2023.
=300  \\$a1 online resource.
=336  \\$atext$2rdacontent
=337  \\$acomputer$2rdamedia
=338  \\$aonline resource$2rdacarrier
=520  3\$aThe WHO Regional Office for Europe has developed deep dives for Finland, Iceland, Scotland and Wales, which have committed to and are on the road to becoming wellbeing economies. These deep dives are part of the technical documentation supporting the WHO European Regional High-Level Forum on Health in the Well-being Economy (‎1-2 March 2023)‎ and aim to demonstrate concrete country experiences in advancing and implementing well-being economies. This summary outlines key findings and take-home policy messages from these specific country experiences, which will be published in full in spring 2023. It is important to note that these experiences are not all encompassing and can be looked at for inspiration by other countries that are shifting to a well-being economy. The deep dives were developed by combining academic and grey literature with narrative from semi-structured interviews conducted with key stakeholders in government and public health institutions. The WHO European Office for Investment for Health and Development is committed to facilitating the exchange of knowledge and tools to support countries implementing well-being economies across the WHO European Region.
=653  \\$aFinland
=653  \\$aIceland
=653  \\$aPublic Health
=653  \\$acopenhagen
=653  \\$afinland
=653  \\$ahealth equity
=653  \\$aiceland
=653  \\$apublic health
=653  \\$ascotland
=653  \\$asustainable growth
=653  \\$awales
=710  2\$aWorld Health Organization.
=720  \\$aWorld Health Organization. Regional Office for Europe
=856  4\$uhttps://policycommons.net/artifacts/3453275/deep-dives-on-the-well-being-economy-showcasing-the-experiences-of-finland-iceland-scotland-and-wales/4253612/$yWorld Health Organization document$ahttps://policycommons.net/
=859  \\$aORR$bWorld Health Organization
=884  \\$aLDL ebooks tsv to marcxml transformation using XSLTtest.xsl$g20230811$qUk
=CAT  \\$aBATCH-IGO$b00$c20230822$lBLL01$h1133
=CAT  \\$aBATCH-UPD$b00$c20230822$lBLL01$h1136
=FIN  \\$aY$d20230822
=SRC  \\$aCoherent Digital WHO$bwhoJuly23.mrc
=LAS  \\$aBATCH-UPD$b00$c20230822$lBLL01$h1136

