=LDR  01850nam a22005653i 4500
=001  021183305
=003  Uk
=005  20230822113339.0
=006  m\\\\||\\d\|\\\\\\
=007  cr\|||||||||||
=008  230811s2023\\\\sz\|||||o\\\\||||\||eng\\
=FMT  \\$a  BK
=037  \\$bWHO
=040  \\$aVaAlCD$beng$cVaAlCD$dUk
=041  \\$aeng
=245  00$aWater safety plan manual: step-by-step risk management for drinking-water suppliers /$cWorld Health Organization.
=264  \1$a[Switzerland] :$bWorld Health Organization,$c2023.
=300  \\$a1 online resource.
=336  \\$atext$2rdacontent
=337  \\$acomputer$2rdamedia
=338  \\$aonline resource$2rdacarrier
=520  3\$ax, 133 p.
=653  \\$aDrinking Water
=653  \\$aEducation
=653  \\$aRisk Management
=653  \\$aSanitation
=653  \\$aWater Pollution
=653  \\$acase reports
=653  \\$adrinking water
=653  \\$aeducation
=653  \\$ageneva
=653  \\$amethods
=653  \\$aprevention and control
=653  \\$aregional health planning
=653  \\$arisk management
=653  \\$asanitary engineering
=653  \\$astandards
=653  \\$asupply and distribution
=653  \\$awater pollution
=653  \\$awater supply
=710  2\$aWorld Health Organization.
=720  \\$aWorld Health Organization
=856  4\$uhttps://policycommons.net/artifacts/3449034/water-safety-plan-manual/4249242/$yWorld Health Organization document$ahttps://policycommons.net/
=859  \\$aORR$bWorld Health Organization
=884  \\$aLDL ebooks tsv to marcxml transformation using XSLTtest.xsl$g20230811$qUk
=CAT  \\$aBATCH-IGO$b00$c20230822$lBLL01$h1133
=CAT  \\$aBATCH-UPD$b00$c20230822$lBLL01$h1136
=FIN  \\$aY$d20230822
=SRC  \\$aCoherent Digital WHO$bwhoJuly23.mrc
=LAS  \\$aBATCH-UPD$b00$c20230822$lBLL01$h1136

