=LDR  03091nam a22005053i 4500
=001  021183306
=003  Uk
=005  20230822113339.0
=006  m\\\\||\\d\|\\\\\\
=007  cr\|||||||||||
=008  230811s2023\\\\sz\|||||o\\\\||||\||eng\\
=FMT  \\$a  BK
=037  \\$bWHO
=040  \\$aVaAlCD$beng$cVaAlCD$dUk
=041  \\$aeng
=245  00$a15th meeting of the European Technical Advisory Group of Experts on Immunization (‎ETAGE)‎: 30 September - 1 October 2015, Copenhagen, Denmark /$cWorld Health Organization. Regional Office for Europe.
=264  \1$a[Switzerland] :$bWorld Health Organization,$c2023.
=300  \\$a1 online resource.
=336  \\$atext$2rdacontent
=337  \\$acomputer$2rdamedia
=338  \\$aonline resource$2rdacarrier
=520  3\$aThe 15th full meeting of the European Technical Advisory Group of Experts on Immunization (‎ETAGE)‎ took place on 30 September to 1 October 2015 to review and discuss immunization activities and developments in the WHO European Region and provide advice to the WHO Regional Office on appropriate activities. Main topics for discussion included the feasibility and value of serosurveys in support of measles and rubella elimination.
=520  3\$aprogress made and upcoming activities and challenges in switching from trivalent oral polio virus vaccine (‎tOPV)‎ to bivalent oral polio vaccine (‎bOPV)‎ and the increased requirements for laboratory containment of poliovirus stocks.
=520  3\$acontinuing medical education, communications and immunization advocacy.
=520  3\$athe implementation of the monitoring and evaluation framework of the European Vaccine Action Plan 2015-2020 and reporting on EVAP implementation to the Regional Committee in 2017 and 2021.
=520  3\$aPolio Outbreak Simulation Exercises (‎POSE)‎.
=520  3\$aimpact and future directions of the New and Underutilized Vaccines Initiative (‎NUVI)‎ Surveillance Networks for rotavirus and invasive bacterial disease.
=520  3\$athe 2015 measles and rubella elimination goal and the protocol for reporting back to the Regional Committee.
=520  3\$avaccine supply issues and the recent vaccine pricing study publication.
=653  \\$aImmunization
=653  \\$aVaccination
=653  \\$acopenhagen
=653  \\$aimmunization
=653  \\$avaccination
=653  \\$aworld health organization
=710  2\$aWorld Health Organization.
=720  \\$aWorld Health Organization. Regional Office for Europe
=856  4\$uhttps://policycommons.net/artifacts/3447175/15th-meeting-of-the-european-technical-advisory-group-of-experts-on-immunization-etage/4247337/$yWorld Health Organization document$ahttps://policycommons.net/
=859  \\$aORR$bWorld Health Organization
=884  \\$aLDL ebooks tsv to marcxml transformation using XSLTtest.xsl$g20230811$qUk
=CAT  \\$aBATCH-IGO$b00$c20230822$lBLL01$h1133
=CAT  \\$aBATCH-UPD$b00$c20230822$lBLL01$h1136
=FIN  \\$aY$d20230822
=SRC  \\$aCoherent Digital WHO$bwhoJuly23.mrc
=LAS  \\$aBATCH-UPD$b00$c20230822$lBLL01$h1136

