=LDR  02185nam a22004333i 4500
=001  021183310
=003  Uk
=005  20230822113339.0
=006  m\\\\||\\d\|\\\\\\
=007  cr\|||||||||||
=008  230811s2023\\\\sz\|||||o\\\\||||\||eng\\
=FMT  \\$a  BK
=037  \\$bWHO
=040  \\$aVaAlCD$beng$cVaAlCD$dUk
=041  \\$aeng
=245  00$aInfluenza virus characterization: summary report, Europe, December 2022 /$cWorld Health Organization. Regional Office for Europe.
=264  \1$a[Switzerland] :$bWorld Health Organization,$c2023.
=300  \\$a1 online resource.
=336  \\$atext$2rdacontent
=337  \\$acomputer$2rdamedia
=338  \\$aonline resource$2rdacarrier
=520  3\$aThe November 2022 characterization report was the second report for the 2022-2023 influenza season. As of week 52/2022, 109 321 detections had been reported. Of these detections, 94% were type A viruses, with A(‎H3N2)‎ and A(‎H1N1)‎pdm09 showing near equal proportions, 51% and 49% respectively, and 6% type B of which 707 were ascribed to a lineage, with all being B/Victoria. This represents a 5-fold increase in detections compared to the 2021-2022 season, despite only a modest increase (‎5%)‎ in the number of samples tested. The epidemic threshold of 10% positivity within sentinel specimens was crossed in week 45/2022.
=653  \\$aEurope
=653  \\$acopenhagen
=653  \\$aeurope
=653  \\$ainfections
=653  \\$ainfluenza a virus
=653  \\$ainfluenza b virus
=653  \\$asurveys and questionnaires
=710  2\$aWorld Health Organization.
=720  \\$aWorld Health Organization. Regional Office for Europe
=856  4\$uhttps://policycommons.net/artifacts/3376707/influenza-virus-characterization/4175554/$yWorld Health Organization document$ahttps://policycommons.net/
=859  \\$aORR$bWorld Health Organization
=884  \\$aLDL ebooks tsv to marcxml transformation using XSLTtest.xsl$g20230811$qUk
=CAT  \\$aBATCH-IGO$b00$c20230822$lBLL01$h1133
=CAT  \\$aBATCH-UPD$b00$c20230822$lBLL01$h1136
=FIN  \\$aY$d20230822
=SRC  \\$aCoherent Digital WHO$bwhoJuly23.mrc
=LAS  \\$aBATCH-UPD$b00$c20230822$lBLL01$h1136

