=LDR  01526nam a22004213i 4500
=001  021183320
=003  Uk
=005  20230822113339.0
=006  m\\\\||\\d\|\\\\\\
=007  cr\|||||||||||
=008  230811s2023\\\\sz\|||||o\\\\||||\||eng\\
=FMT  \\$a  BK
=037  \\$bWHO
=040  \\$aVaAlCD$beng$cVaAlCD$dUk
=041  \\$aeng
=245  00$aEarthquakes as triggers for public health disasters: WHO and health systems' response /$cAhmed Al-Mandhari.
=264  \1$a[Switzerland] :$bWorld Health Organization,$c2023.
=300  \\$a1 online resource.
=336  \\$atext$2rdacontent
=337  \\$acomputer$2rdamedia
=338  \\$aonline resource$2rdacarrier
=653  \\$aEarthquakes
=653  \\$aNatural Disasters
=653  \\$acairo
=653  \\$adisasters
=653  \\$aearthquakes
=653  \\$aemergencies, disasters preparedness and response
=653  \\$aworld health organization
=700  1\$aAhmed Al-Mandhari.
=710  2\$aWorld Health Organization.
=856  4\$uhttps://policycommons.net/artifacts/3534086/earthquakes-as-triggers-for-public-health-disasters/4335302/$yWorld Health Organization document$ahttps://policycommons.net/
=859  \\$aORR$bWorld Health Organization
=884  \\$aLDL ebooks tsv to marcxml transformation using XSLTtest.xsl$g20230811$qUk
=CAT  \\$aBATCH-IGO$b00$c20230822$lBLL01$h1133
=CAT  \\$aBATCH-UPD$b00$c20230822$lBLL01$h1136
=FIN  \\$aY$d20230822
=SRC  \\$aCoherent Digital WHO$bwhoJuly23.mrc
=LAS  \\$aBATCH-UPD$b00$c20230822$lBLL01$h1136

