=LDR  02011nam a22004093i 4500
=001  021183321
=003  Uk
=005  20230822113339.0
=006  m\\\\||\\d\|\\\\\\
=007  cr\|||||||||||
=008  230811s2023\\\\sz\|||||o\\\\||||\||eng\\
=FMT  \\$a  BK
=037  \\$bWHO
=040  \\$aVaAlCD$beng$cVaAlCD$dUk
=041  \\$aeng
=245  00$aParticipants' workbook for the train-the-trainers workshop for Pacific faith-based organizations and local governments /$cWorld Health Organization. Regional Office for the Western Pacific.
=264  \1$a[Switzerland] :$bWorld Health Organization,$c2023.
=300  \\$a1 online resource.
=336  \\$atext$2rdacontent
=337  \\$acomputer$2rdamedia
=338  \\$aonline resource$2rdacarrier
=520  3\$aIn 2016, following the WHO publication 'Healthy Islands: Best Practice in Health Promotion in the Pacific' resource, there has been extensive interest from Faith Based Organization and Local Government in Pacific Island countries to learn about the process each successful Healthy Islands initiative undertook to develop and sustain their programmes and projects.
=653  \\$ahealth promotion
=653  \\$ahealthy islands
=653  \\$alearning
=653  \\$amanila
=653  \\$anoncommunicable diseases
=710  2\$aWorld Health Organization.
=720  \\$aWorld Health Organization. Regional Office for the Western Pacific
=856  4\$uhttps://policycommons.net/artifacts/3681546/participants-workbook-for-the-train-the-trainers-workshop-for-pacific-faith-based-organizations-and-local-governments/4487444/$yWorld Health Organization document$ahttps://policycommons.net/
=859  \\$aORR$bWorld Health Organization
=884  \\$aLDL ebooks tsv to marcxml transformation using XSLTtest.xsl$g20230811$qUk
=CAT  \\$aBATCH-IGO$b00$c20230822$lBLL01$h1133
=CAT  \\$aBATCH-UPD$b00$c20230822$lBLL01$h1136
=FIN  \\$aY$d20230822
=SRC  \\$aCoherent Digital WHO$bwhoJuly23.mrc
=LAS  \\$aBATCH-UPD$b00$c20230822$lBLL01$h1136

