=LDR  03393nam a22004933i 4500
=001  021183322
=003  Uk
=005  20230822113339.0
=006  m\\\\||\\d\|\\\\\\
=007  cr\|||||||||||
=008  230811s2023\\\\sz\|||||o\\\\||||\||eng\\
=FMT  \\$a  BK
=037  \\$bWHO
=040  \\$aVaAlCD$beng$cVaAlCD$dUk
=041  \\$aeng
=245  00$aSystematic review and meta-analysis of maternal mortality ratio and related factors in the Islamic Republic of Iran /$cMalahat Khalili.
=264  \1$a[Switzerland] :$bWorld Health Organization,$c2023.
=300  \\$a1 online resource.
=336  \\$atext$2rdacontent
=337  \\$acomputer$2rdamedia
=338  \\$aonline resource$2rdacarrier
=520  3\$aBackground: Maternal mortality is an indication of the health status of women in the society. Aims: To investigate the maternal mortality ratio, causes of maternal mortality, and related risk factors among Iranian women. Methods: Using the Preferred Reporting Items for Systematic Reviews and Meta-Analyses (‎PRISMA)‎ checklist and the Peer Review of Electronic Search Strategies (‎PRESS)‎ guideline, we systematically searched electronic databases, and the grey literature, for publications in Farsi and English from 1970 to January 2022 for studies that reported the number of maternal deaths and/or maternal mortality ratio and their related factors. Data analysis was conducted using Stata 16 and 2-sided P ≤ 0.05 was considered statistically significant, if not otherwise specified. Results: A subgroup meta-analysis of studies conducted since 2000 estimated the maternal mortality ratio as 45.03 per 100 000 births during 2000-2004, 36.05 during 2005-2009, and 23.71 after 2010. The most frequent risk factors for maternal mortality were caesarean section, poor antenatal and delivery care, unskilled birth attendance, age, low maternal education level, lower human development index, and residence in rural or remote areas. Conclusion: There has been a significant decrease in maternal mortality in the Islamic Republic of Iran during the last few decades. Mothers in the country need to be monitored more carefully by trained healthcare workers during the pregnancy, delivery and postpartum periods so they can effectively handle postpartum complications, such as haemorrhage and infection, thereby further reducing maternal mortality.
=653  \\$aEpidemiology
=653  \\$aMaternal Mortality
=653  \\$aPregnancy
=653  \\$acairo
=653  \\$acesarean section
=653  \\$achecklist
=653  \\$adatabases, factual
=653  \\$aepidemiology
=653  \\$ahealth systems
=653  \\$airan
=653  \\$amaternal mortality
=653  \\$apregnancy
=700  1\$aMalahat Khalili.
=710  2\$aWorld Health Organization.
=856  4\$uhttps://policycommons.net/artifacts/4305851/systematic-review-and-meta-analysis-of-maternal-mortality-ratio-and-related-factors-in-the-islamic-republic-of-iran/5115989/$yWorld Health Organization document$ahttps://policycommons.net/
=859  \\$aORR$bWorld Health Organization
=884  \\$aLDL ebooks tsv to marcxml transformation using XSLTtest.xsl$g20230811$qUk
=CAT  \\$aBATCH-IGO$b00$c20230822$lBLL01$h1133
=CAT  \\$aBATCH-UPD$b00$c20230822$lBLL01$h1136
=FIN  \\$aY$d20230822
=SRC  \\$aCoherent Digital WHO$bwhoJuly23.mrc
=LAS  \\$aBATCH-UPD$b00$c20230822$lBLL01$h1136

