=LDR  02310nam a22004453i 4500
=001  021183328
=003  Uk
=005  20230822113339.0
=006  m\\\\||\\d\|\\\\\\
=007  cr\|||||||||||
=008  230811s2023\\\\sz\|||||o\\\\||||\||eng\\
=FMT  \\$a  BK
=037  \\$bWHO
=040  \\$aVaAlCD$beng$cVaAlCD$dUk
=041  \\$aeng
=245  00$aJoint monthly surveillance report on SARS-CoV-2 and mpox in animals in the European Region, February 2023 /$cWorld Health Organization. Regional Office for Europe.
=264  \1$a[Switzerland] :$bWorld Health Organization,$c2023.
=300  \\$a1 online resource.
=336  \\$atext$2rdacontent
=337  \\$acomputer$2rdamedia
=338  \\$aonline resource$2rdacarrier
=520  3\$aStrengthened surveillance using a One-Health approach in at-risk animal populations and at the animal-human-environment interface is required to timely detect SARS-CoV-2 and mpox (‎previously known as monkeypox)‎ in new animal hosts, to monitor for potential virus evolution and to detect potential spill-back to the human population. Both SARS-CoV-2 and mpox have been declared Public Health Emergencies of International Concern (‎PHEIC)‎. The WHO Regional Office for Europe and the World Organisation for Animal Health (‎WOAH)‎ in Europe are monitoring notified cases of SARS-CoV-2 and mpox in the animal populations.
=653  \\$aAnimals
=653  \\$aanimal diseases
=653  \\$aanimals
=653  \\$acopenhagen
=653  \\$aemergencies
=653  \\$amonkeypox virus
=653  \\$asars-cov-2
=653  \\$asurveys and questionnaires
=710  2\$aWorld Health Organization.
=720  \\$aWorld Health Organization. Regional Office for Europe
=856  4\$uhttps://policycommons.net/artifacts/3454816/joint-monthly-surveillance-report-on-sars-cov-2-and-mpox-in-animals-in-the-european-region-february-2023/4255136/$yWorld Health Organization document$ahttps://policycommons.net/
=859  \\$aORR$bWorld Health Organization
=884  \\$aLDL ebooks tsv to marcxml transformation using XSLTtest.xsl$g20230811$qUk
=CAT  \\$aBATCH-IGO$b00$c20230822$lBLL01$h1133
=CAT  \\$aBATCH-UPD$b00$c20230822$lBLL01$h1136
=FIN  \\$aY$d20230822
=SRC  \\$aCoherent Digital WHO$bwhoJuly23.mrc
=LAS  \\$aBATCH-UPD$b00$c20230822$lBLL01$h1136

