=LDR  02569nam a22003853i 4500
=001  021183331
=003  Uk
=005  20230822113339.0
=006  m\\\\||\\d\|\\\\\\
=007  cr\|||||||||||
=008  230811s2023\\\\sz\|||||o\\\\||||\||eng\\
=FMT  \\$a  BK
=037  \\$bWHO
=040  \\$aVaAlCD$beng$cVaAlCD$dUk
=041  \\$aeng
=245  00$aCivil society meeting on misinformation related to noncommunicable diseases and risk factors: 9 December 2020, online event /$cWorld Health Organization. Regional Office for Europe.
=264  \1$a[Switzerland] :$bWorld Health Organization,$c2023.
=300  \\$a1 online resource.
=336  \\$atext$2rdacontent
=337  \\$acomputer$2rdamedia
=338  \\$aonline resource$2rdacarrier
=520  3\$aIn February 2020, WHO warned that the COVID-19 pandemic had been followed by an equally dangerous so-called infodemic: an overabundance of information, not all of it accurate, that makes it hard for people to find trustworthy sources and reliable guidance when they need it. This infodemic has severe consequences for human health and is part of a bigger trend of health misinformation. Recognizing the lack of action on NCD disinformation, WHO has convened a series of meetings to explore the need for more research, including debating robust policy and regulatory changes atthe source levels of health information as well as strong investment in e-health literacy among the general population.Three meetings were held, focusing on civil society, industry and government responses, respectively. The output of these three meetings will be the development of a toolkit of policy recommendations for the WHO European Region's Member States with the aim of tackling the negative impacts of misinformation on NCDs.
=653  \\$acopenhagen
=653  \\$ainformation dissemination
=653  \\$anoncommunicable diseases
=710  2\$aWorld Health Organization.
=720  \\$aWorld Health Organization. Regional Office for Europe
=856  4\$uhttps://policycommons.net/artifacts/3524345/civil-society-meeting-on-misinformation-related-to-noncommunicable-diseases-and-risk-factors/4324995/$yWorld Health Organization document$ahttps://policycommons.net/
=859  \\$aORR$bWorld Health Organization
=884  \\$aLDL ebooks tsv to marcxml transformation using XSLTtest.xsl$g20230811$qUk
=CAT  \\$aBATCH-IGO$b00$c20230822$lBLL01$h1133
=CAT  \\$aBATCH-UPD$b00$c20230822$lBLL01$h1136
=FIN  \\$aY$d20230822
=SRC  \\$aCoherent Digital WHO$bwhoJuly23.mrc
=LAS  \\$aBATCH-UPD$b00$c20230822$lBLL01$h1136

