=LDR  02758nam a22004333i 4500
=001  021183332
=003  Uk
=005  20230822113339.0
=006  m\\\\||\\d\|\\\\\\
=007  cr\|||||||||||
=008  230811s2023\\\\sz\|||||o\\\\||||\||eng\\
=FMT  \\$a  BK
=037  \\$bWHO
=040  \\$aVaAlCD$beng$cVaAlCD$dUk
=041  \\$aeng
=245  00$aPolicy brief on integrating rehabilitation into palliative care services /$cWorld Health Organization. Regional Office for Europe.
=264  \1$a[Switzerland] :$bWorld Health Organization,$c2023.
=300  \\$a1 online resource.
=336  \\$atext$2rdacontent
=337  \\$acomputer$2rdamedia
=338  \\$aonline resource$2rdacarrier
=520  3\$aWorld Health Organization (‎WHO)‎ policy on universal health coverage states that both rehabilitation and palliative care are essential components of quality health services and should be integrated within health systems using a multiprofessional workforce. Rehabilitation in palliative care can deliver many benefits for people and health systems but access to interventions is limited by a range of barriers including limited resource, siloed organization of services and attitudes of professionals and funders. While integrated rehabilitation has been achieved in high income countries in health services for people with chronic long-term conditions or trauma, it remains underresourced and highly variable within palliative care services. This policy brief aims to understand how integrating rehabilitation in palliative care services may improve the quality, accessibility, effectiveness and cost-effectiveness of health services for people approaching end of life. It provides practical and actionable information and recommendations to support health ministers and leaders in health systems planning to integrate rehabilitation in palliative care services.
=653  \\$aHealth Policy
=653  \\$aHealth Services
=653  \\$acopenhagen
=653  \\$ahealth policy
=653  \\$ahealth services
=653  \\$apalliative care
=653  \\$arehabilitation
=710  2\$aWorld Health Organization.
=720  \\$aWorld Health Organization. Regional Office for Europe
=856  4\$uhttps://policycommons.net/artifacts/3524344/policy-brief-on-integrating-rehabilitation-into-palliative-care-services/4324996/$yWorld Health Organization document$ahttps://policycommons.net/
=859  \\$aORR$bWorld Health Organization
=884  \\$aLDL ebooks tsv to marcxml transformation using XSLTtest.xsl$g20230811$qUk
=CAT  \\$aBATCH-IGO$b00$c20230822$lBLL01$h1133
=CAT  \\$aBATCH-UPD$b00$c20230822$lBLL01$h1136
=FIN  \\$aY$d20230822
=SRC  \\$aCoherent Digital WHO$bwhoJuly23.mrc
=LAS  \\$aBATCH-UPD$b00$c20230822$lBLL01$h1136

