=LDR  01881nam a22005053i 4500
=001  021183334
=003  Uk
=005  20230822113339.0
=006  m\\\\||\\d\|\\\\\\
=007  cr\|||||||||||
=008  230811s2023\\\\sz\|||||o\\\\||||\||eng\\
=FMT  \\$a  BK
=037  \\$bWHO
=040  \\$aVaAlCD$beng$cVaAlCD$dUk
=041  \\$aeng
=245  00$aGuidance for clinical case management of thrombosis with thrombocytopenia syndrome (‎TTS)‎ following vaccination to prevent coronavirus disease (‎COVID-19)‎ /$cWorld Health Organization.
=264  \1$a[Switzerland] :$bWorld Health Organization,$c2023.
=300  \\$a1 online resource.
=336  \\$atext$2rdacontent
=337  \\$acomputer$2rdamedia
=338  \\$aonline resource$2rdacarrier
=520  3\$a41 p.
=653  \\$aCOVID-19
=653  \\$aadverse effects
=653  \\$abetacoronavirus
=653  \\$acase management
=653  \\$aclinical medicine
=653  \\$acovid-19
=653  \\$acovid-19 vaccines
=653  \\$adisease outbreaks
=653  \\$ageneva
=653  \\$aguideline
=653  \\$athrombocytopenia
=653  \\$athrombosis
=653  \\$awho guideline
=710  2\$aWorld Health Organization.
=720  \\$aWorld Health Organization
=856  4\$uhttps://policycommons.net/artifacts/3798191/guidance-for-clinical-case-management-of-thrombosis-with-thrombocytopenia-syndrome-tts-following-vaccination-to-prevent-coronavirus-disease-covid-19/4604022/$yWorld Health Organization document$ahttps://policycommons.net/
=859  \\$aORR$bWorld Health Organization
=884  \\$aLDL ebooks tsv to marcxml transformation using XSLTtest.xsl$g20230811$qUk
=CAT  \\$aBATCH-IGO$b00$c20230822$lBLL01$h1133
=CAT  \\$aBATCH-UPD$b00$c20230822$lBLL01$h1136
=FIN  \\$aY$d20230822
=SRC  \\$aCoherent Digital WHO$bwhoJuly23.mrc
=LAS  \\$aBATCH-UPD$b00$c20230822$lBLL01$h1136

