=LDR  02933nam a22004813i 4500
=001  021183337
=003  Uk
=005  20230822113339.0
=006  m\\\\||\\d\|\\\\\\
=007  cr\|||||||||||
=008  230811s2023\\\\sz\|||||o\\\\||||\||eng\\
=FMT  \\$a  BK
=037  \\$bWHO
=040  \\$aVaAlCD$beng$cVaAlCD$dUk
=041  \\$aeng
=245  00$aNationwide study of rates of reinfection with SARS-CoV-2 among adults in Kuwait /$cMona Al-Ahmad.
=264  \1$a[Switzerland] :$bWorld Health Organization,$c2023.
=300  \\$a1 online resource.
=336  \\$atext$2rdacontent
=337  \\$acomputer$2rdamedia
=338  \\$aonline resource$2rdacarrier
=520  3\$aBackground: Data are scarce on differences in the rates of severe acute respiratory syndrome coronavirus 2 (‎SARS-CoV-2)‎ reinfection after the first infection. Aims: We examined nationwide data on SARS-CoV-2 reinfection in Kuwait according to four-time windows to reinfection: 29-45 days, 46-60 days, 61-90 days, and ≥ 91 days. Methods: This was a population-level retrospective cohort study conducted between 31 March 2020 and 31 March 2021. We reviewed evidence of second positive RT-PCR test results for those who had previously recovered from COVID-19 and tested negative. Results: Reinfection rates were: 0.52% for reinfection window 29-45 days, 0.36% for 45-60 days, 0.29% for 61-90 days, and 0.20% for ≥ 91 days. The mean age (‎standard deviation [‎SD]‎)‎ of individuals with the shortest reinfection time interval (‎29-45 days)‎ was significantly older than the mean age of all other groups - 43.3 years (‎SD 17.5)‎ compared with: 39.0 years (‎SD 16.5)‎, P = 0.037 for 46-60-day interval.
=520  3\$a38.3 years (‎SD 16.5)‎, P = 0.002 for 61-90-day interval.
=520  3\$aand 39.2 years (‎SD 14.4)‎, P = 0.001 for ≥ 91-days interval. Conclusion: SARS-CoV-2 reinfection was uncommon among this adult population. Older age was associated with a shorter time to reinfection.
=653  \\$aCOVID-19
=653  \\$aEpidemiology
=653  \\$abetacoronavirus
=653  \\$acairo
=653  \\$acoronavirus disease (‎covid-19)‎
=653  \\$acovid-19
=653  \\$adisease outbreaks
=653  \\$aepidemiology
=653  \\$asars-cov-2
=700  1\$aMona Al-Ahmad.
=710  2\$aWorld Health Organization.
=856  4\$uhttps://policycommons.net/artifacts/3524526/nationwide-study-of-rates-of-reinfection-with-sars-cov-2-among-adults-in-kuwait/4325187/$yWorld Health Organization document$ahttps://policycommons.net/
=859  \\$aORR$bWorld Health Organization
=884  \\$aLDL ebooks tsv to marcxml transformation using XSLTtest.xsl$g20230811$qUk
=CAT  \\$aBATCH-IGO$b00$c20230822$lBLL01$h1133
=CAT  \\$aBATCH-UPD$b00$c20230822$lBLL01$h1136
=FIN  \\$aY$d20230822
=SRC  \\$aCoherent Digital WHO$bwhoJuly23.mrc
=LAS  \\$aBATCH-UPD$b00$c20230822$lBLL01$h1136

