=LDR  02383nam a22004453i 4500
=001  021183342
=003  Uk
=005  20230822113340.0
=006  m\\\\||\\d\|\\\\\\
=007  cr\|||||||||||
=008  230811s2023\\\\sz\|||||o\\\\||||\||eng\\
=FMT  \\$a  BK
=037  \\$bWHO
=040  \\$aVaAlCD$beng$cVaAlCD$dUk
=041  \\$aeng
=245  00$aOpen consultation meeting with Member States on the development of the Tuberculosis Action Plan for the WHO European Region 2023-2030: virtual meeting, 17 February 2022 /$cWorld Health Organization. Regional Office for Europe.
=264  \1$a[Switzerland] :$bWorld Health Organization,$c2023.
=300  \\$a1 online resource.
=336  \\$atext$2rdacontent
=337  \\$acomputer$2rdamedia
=338  \\$aonline resource$2rdacarrier
=520  3\$aThis report summarizes the main outcomes of a virtual consultation meeting on the development of the Tuberculosis Action Plan for the WHO European Region 2023-2030. The virtual consultation was part of an open consultation process to involve all relevant stakeholders in the development of the Action Plan and to ensure that all contributions and perspectives on the Action Plan are represented and considered. The finalized Action Plan will be submitted to the 72nd session of the WHO Regional Committee for Europe on 12-14 September 2022 for adoption by Member States.
=653  \\$aEurope
=653  \\$aSexually Transmitted Diseases
=653  \\$aTuberculosis
=653  \\$acopenhagen
=653  \\$aeurope
=653  \\$asexually transmitted diseases
=653  \\$atuberculosis
=653  \\$atuberculosis, multidrug-resistant
=710  2\$aWorld Health Organization.
=720  \\$aWorld Health Organization. Regional Office for Europe
=856  4\$uhttps://policycommons.net/artifacts/3371374/open-consultation-meeting-with-member-states-on-the-development-of-the-tuberculosis-action-plan-for-the-who-european-region-2023-2030/4170177/$yWorld Health Organization document$ahttps://policycommons.net/
=859  \\$aORR$bWorld Health Organization
=884  \\$aLDL ebooks tsv to marcxml transformation using XSLTtest.xsl$g20230811$qUk
=CAT  \\$aBATCH-IGO$b00$c20230822$lBLL01$h1133
=CAT  \\$aBATCH-UPD$b00$c20230822$lBLL01$h1136
=FIN  \\$aY$d20230822
=SRC  \\$aCoherent Digital WHO$bwhoJuly23.mrc
=LAS  \\$aBATCH-UPD$b00$c20230822$lBLL01$h1136

