=LDR  02234nam a22004333i 4500
=001  021183351
=003  Uk
=005  20230822113340.0
=006  m\\\\||\\d\|\\\\\\
=007  cr\|||||||||||
=008  230811s2023\\\\sz\|||||o\\\\||||\||eng\\
=FMT  \\$a  BK
=037  \\$bWHO
=040  \\$aVaAlCD$beng$cVaAlCD$dUk
=041  \\$aeng
=245  00$aLuxembourg Statement on advancing health and well-being: Ninth high-level meeting of the Small Countries Initiative, 10-12 May 2023, Luxembourg, Luxembourg /$cWorld Health Organization. Regional Office for Europe.
=264  \1$a[Switzerland] :$bWorld Health Organization,$c2023.
=300  \\$a1 online resource.
=336  \\$atext$2rdacontent
=337  \\$acomputer$2rdamedia
=338  \\$aonline resource$2rdacarrier
=520  3\$aThe Ministers and high-level delegates of the Member States of the Small Countries Initiative with populations of 2 million and fewer, and partners, met in person in Luxembourg on 10-12 May 2023 to attend the Ninth High-level Meeting of the Small Countries Initiative: advancing health and well-being. This was an opportunity to share our progress in implementing the Roadmap towards better health in small countries in the WHO European Region, 2022-2025,1 and to address the growing challenges of small countries in our Region and beyond.
=653  \\$aEurope
=653  \\$aInternational Cooperation
=653  \\$acopenhagen
=653  \\$aeurope
=653  \\$ainternational cooperation
=653  \\$aorganization and administration
=653  \\$aregional health planning
=710  2\$aWorld Health Organization.
=720  \\$aWorld Health Organization. Regional Office for Europe
=856  4\$uhttps://policycommons.net/artifacts/3793052/luxembourg-statement-on-advancing-health-and-well-being/4598894/$yWorld Health Organization document$ahttps://policycommons.net/
=859  \\$aORR$bWorld Health Organization
=884  \\$aLDL ebooks tsv to marcxml transformation using XSLTtest.xsl$g20230811$qUk
=CAT  \\$aBATCH-IGO$b00$c20230822$lBLL01$h1133
=CAT  \\$aBATCH-UPD$b00$c20230822$lBLL01$h1136
=FIN  \\$aY$d20230822
=SRC  \\$aCoherent Digital WHO$bwhoJuly23.mrc
=LAS  \\$aBATCH-UPD$b00$c20230822$lBLL01$h1136

