=LDR  01901nam a22005293i 4500
=001  021183356
=003  Uk
=005  20230822113340.0
=006  m\\\\||\\d\|\\\\\\
=007  cr\|||||||||||
=008  230811s2023\\\\sz\|||||o\\\\||||\||eng\\
=FMT  \\$a  BK
=037  \\$bWHO
=040  \\$aVaAlCD$beng$cVaAlCD$dUk
=041  \\$aeng
=245  00$aChecklist for rapid assessment of policies and actions in environment, climate change and health: scaling up country actions for environment, climate change and health /$cWorld Health Organization.
=264  \1$a[Switzerland] :$bWorld Health Organization,$c2023.
=300  \\$a1 online resource.
=336  \\$atext$2rdacontent
=337  \\$acomputer$2rdamedia
=338  \\$aonline resource$2rdacarrier
=520  3\$a10:00 PM.
=653  \\$aAir Pollution
=653  \\$aClimate Change
=653  \\$aEnvironmental Health
=653  \\$aPollution
=653  \\$aRisk Assessment
=653  \\$aSanitation
=653  \\$aair pollution
=653  \\$achecklist
=653  \\$aclimate change
=653  \\$aenvironmental health
=653  \\$aenvironmental pollution
=653  \\$ageneva
=653  \\$ahygiene
=653  \\$arisk assessment
=653  \\$asanitation
=710  2\$aWorld Health Organization.
=720  \\$aWorld Health Organization
=856  4\$uhttps://policycommons.net/artifacts/3681542/checklist-for-rapid-assessment-of-policies-and-actions-in-environment-climate-change-and-health/4487443/$yWorld Health Organization document$ahttps://policycommons.net/
=859  \\$aORR$bWorld Health Organization
=884  \\$aLDL ebooks tsv to marcxml transformation using XSLTtest.xsl$g20230811$qUk
=CAT  \\$aBATCH-IGO$b00$c20230822$lBLL01$h1133
=CAT  \\$aBATCH-UPD$b00$c20230822$lBLL01$h1136
=FIN  \\$aY$d20230822
=SRC  \\$aCoherent Digital WHO$bwhoJuly23.mrc
=LAS  \\$aBATCH-UPD$b00$c20230822$lBLL01$h1136

