=LDR  02529nam a22004693i 4500
=001  021183365
=003  Uk
=005  20230822113340.0
=006  m\\\\||\\d\|\\\\\\
=007  cr\|||||||||||
=008  230811s2023\\\\sz\|||||o\\\\||||\||eng\\
=FMT  \\$a  BK
=037  \\$bWHO
=040  \\$aVaAlCD$beng$cVaAlCD$dUk
=041  \\$aeng
=245  00$aFirst Nordic and Baltic region meeting on mental health: Copenhagen, Denmark 19 September 2022: meeting report /$cWorld Health Organization. Regional Office for Europe.
=264  \1$a[Switzerland] :$bWorld Health Organization,$c2023.
=300  \\$a1 online resource.
=336  \\$atext$2rdacontent
=337  \\$acomputer$2rdamedia
=338  \\$aonline resource$2rdacarrier
=520  3\$aThe WHO Regional Office for Europe and the Danish Health Authority invited representatives from Nordic and Baltic countries to participate in a joint meeting on mental health in Copenhagen, Denmark on 19 September 2022, aiming to establish a future network and platform to exchange ideas, inspiration and experiences across the Nordic and Baltic regions to explore possible solutions to existing and future challenges in relation to mental health. Across four sessions, all 10 countries and territories in the subregion shared novel policy frameworks, prevention and promotion initiatives, examples of mental health service reform, national anti-stigma and discrimination interventions, and more. Discussions focused on how to scale up sharing of data and good practices and the how to develop common guidelines and tools.
=653  \\$aHealth Policy
=653  \\$aMental Health
=653  \\$aResearch
=653  \\$abaltic states
=653  \\$acopenhagen
=653  \\$adata collection
=653  \\$ahealth policy
=653  \\$amental health
=653  \\$aresearch
=653  \\$ascandinavian and nordic countries
=710  2\$aWorld Health Organization.
=720  \\$aWorld Health Organization. Regional Office for Europe
=856  4\$uhttps://policycommons.net/artifacts/3444212/first-nordic-and-baltic-region-meeting-on-mental-health/4244252/$yWorld Health Organization document$ahttps://policycommons.net/
=859  \\$aORR$bWorld Health Organization
=884  \\$aLDL ebooks tsv to marcxml transformation using XSLTtest.xsl$g20230811$qUk
=CAT  \\$aBATCH-IGO$b00$c20230822$lBLL01$h1133
=CAT  \\$aBATCH-UPD$b00$c20230822$lBLL01$h1136
=FIN  \\$aY$d20230822
=SRC  \\$aCoherent Digital WHO$bwhoJuly23.mrc
=LAS  \\$aBATCH-UPD$b00$c20230822$lBLL01$h1136

