=LDR  02489nam a22004213i 4500
=001  021183366
=003  Uk
=005  20230822113340.0
=006  m\\\\||\\d\|\\\\\\
=007  cr\|||||||||||
=008  230811s2023\\\\sz\|||||o\\\\||||\||eng\\
=FMT  \\$a  BK
=037  \\$bWHO
=040  \\$aVaAlCD$beng$cVaAlCD$dUk
=041  \\$aeng
=245  00$aProgress towards universal health coverage in the Lao People's Democratic Republic: monitoring financial protection 2007-2019 /$cWorld Health Organization. Regional Office for the Western Pacific.
=264  \1$a[Switzerland] :$bWorld Health Organization,$c2023.
=300  \\$a1 online resource.
=336  \\$atext$2rdacontent
=337  \\$acomputer$2rdamedia
=338  \\$aonline resource$2rdacarrier
=520  3\$aFinancial protection is a key objective of the health system in the Lao People's Democratic Republic (‎Lao PDR)‎ to achieve the government's goal of universal health coverage. The National Health Insurance (‎NHI)‎ scheme was introduced in Lao PDR in 2016. Population coverage was subsequently expanded to all provinces except Vientiane Capital in 2018, alongside the integration of other social health protection schemes into NHI in 2019. This transformation sought to remove financial barriers to equitable access to care. The report conducted by the government of Lao PDR with support from WHO presents key results of the analysis and policy options to expand and improve coverage based on data from the three most recent Lao Expenditure and Consumption Surveys (‎2007/2008, 2012/2013, and 2018/2019)‎.
=653  \\$aLao People's Democratic Republic
=653  \\$adelivery of health care
=653  \\$ahealthcare financing
=653  \\$alaos
=653  \\$amanila
=653  \\$auniversal health care
=710  2\$aWorld Health Organization.
=720  \\$aWorld Health Organization. Regional Office for the Western Pacific
=856  4\$uhttps://policycommons.net/artifacts/3495888/progress-towards-universal-health-coverage-in-the-lao-peoples-democratic-republic/4296471/$yWorld Health Organization document$ahttps://policycommons.net/
=859  \\$aORR$bWorld Health Organization
=884  \\$aLDL ebooks tsv to marcxml transformation using XSLTtest.xsl$g20230811$qUk
=CAT  \\$aBATCH-IGO$b00$c20230822$lBLL01$h1133
=CAT  \\$aBATCH-UPD$b00$c20230822$lBLL01$h1136
=FIN  \\$aY$d20230822
=SRC  \\$aCoherent Digital WHO$bwhoJuly23.mrc
=LAS  \\$aBATCH-UPD$b00$c20230822$lBLL01$h1136

