=LDR  03425nam a22004933i 4500
=001  021183367
=003  Uk
=005  20230822113340.0
=006  m\\\\||\\d\|\\\\\\
=007  cr\|||||||||||
=008  230811s2023\\\\sz\|||||o\\\\||||\||eng\\
=FMT  \\$a  BK
=037  \\$bWHO
=040  \\$aVaAlCD$beng$cVaAlCD$dUk
=041  \\$aeng
=245  00$aPredicting infant feeding intention and intensity in Oman using a path analysis approach /$cSaada Al Barwani.
=264  \1$a[Switzerland] :$bWorld Health Organization,$c2023.
=300  \\$a1 online resource.
=336  \\$atext$2rdacontent
=337  \\$acomputer$2rdamedia
=338  \\$aonline resource$2rdacarrier
=520  3\$aBackground: Low breastfeeding rates are a global concern, and few studies have examined breastfeeding in Oman. Aims: We examined the associations of mothers' sociodemographic characteristics, breastfeeding knowledge, attitudes, subjective norms, perceived control, previous breastfeeding experience, and early breastfeeding support with infant feeding intention at birth and breastfeeding intensity at 8 weeks postpartum. Methods: We used a descriptive, prospective cohort design. Data collection was in 2016. We administered a structured questionnaire to mothers at postpartum discharge from 2 hospitals in Oman and followed up once via a 24-hour dietary recall at 8 weeks. We used a path analysis model (‎n = 427)‎ using SPSS, version 24.0, and Amos, version 22. Results: During the postpartum hospitalization, 33.3% of mothers reported that their babies received formula milk. At the 8-week follow-up, 27.3% of mothers were exclusively breastfeeding. Subjective norms (‎measured by social and professional support)‎ were the strongest predictors. Infant feeding intention significantly predicted breastfeeding intensity. Returning to work/school was the only sociodemographic variable to significantly correlate with breastfeeding intensity (‎r = -0.17.
=520  3\$aP &lt.
=520  3\$a0.001)‎.
=520  3\$amothers who planned to return to work/school had significantly lower intensity. Knowledge significantly predicted positive and negative attitudes, subjective norms and perceived control. Early breastfeeding support negatively correlated with breastfeeding intensity (‎r= -0.15.
=520  3\$a0.001)‎. Conclusion: Infant feeding intention positively predicted breastfeeding intensity with subjective norms or social and professional support and had the strongest correlation with mothers' intentions.
=653  \\$aOman
=653  \\$abreast feeding
=653  \\$acairo
=653  \\$aintention
=653  \\$amaternal, reproductive and child health
=653  \\$aoman
=653  \\$apostpartum period
=653  \\$aprospective studies
=700  1\$aSaada Al Barwani.
=710  2\$aWorld Health Organization.
=856  4\$uhttps://policycommons.net/artifacts/4305841/predicting-infant-feeding-intention-and-intensity-in-oman-using-a-path-analysis-approach/5116017/$yWorld Health Organization document$ahttps://policycommons.net/
=859  \\$aORR$bWorld Health Organization
=884  \\$aLDL ebooks tsv to marcxml transformation using XSLTtest.xsl$g20230811$qUk
=CAT  \\$aBATCH-IGO$b00$c20230822$lBLL01$h1133
=CAT  \\$aBATCH-UPD$b00$c20230822$lBLL01$h1136
=FIN  \\$aY$d20230822
=SRC  \\$aCoherent Digital WHO$bwhoJuly23.mrc
=LAS  \\$aBATCH-UPD$b00$c20230822$lBLL01$h1136

