=LDR  01898nam a22005053i 4500
=001  021183368
=003  Uk
=005  20230822113340.0
=006  m\\\\||\\d\|\\\\\\
=007  cr\|||||||||||
=008  230811s2023\\\\sz\|||||o\\\\||||\||eng\\
=FMT  \\$a  BK
=037  \\$bWHO
=040  \\$aVaAlCD$beng$cVaAlCD$dUk
=041  \\$aeng
=245  00$aEnhancing the use of geographic information systems for public health planning and decision-making in the WHO Eastern Mediterranean Region /$cAlessandra Ferrario.
=264  \1$a[Switzerland] :$bWorld Health Organization,$c2023.
=300  \\$a1 online resource.
=336  \\$atext$2rdacontent
=337  \\$acomputer$2rdamedia
=338  \\$aonline resource$2rdacarrier
=653  \\$aEpidemiology
=653  \\$aGeographic Information Systems
=653  \\$aMediterranean Region
=653  \\$aPublic Health
=653  \\$aUnited States
=653  \\$acairo
=653  \\$aepidemiology
=653  \\$ageographic information systems
=653  \\$ahealth planning
=653  \\$ahealth systems
=653  \\$amediterranean region
=653  \\$apublic health
=653  \\$aunited states
=653  \\$aworld health organization
=700  1\$aAlessandra Ferrario.
=710  2\$aWorld Health Organization.
=856  4\$uhttps://policycommons.net/artifacts/4305845/enhancing-the-use-of-geographic-information-systems-for-public-health-planning-and-decision-making-in-the-who-eastern-mediterranean-region/5115991/$yWorld Health Organization document$ahttps://policycommons.net/
=859  \\$aORR$bWorld Health Organization
=884  \\$aLDL ebooks tsv to marcxml transformation using XSLTtest.xsl$g20230811$qUk
=CAT  \\$aBATCH-IGO$b00$c20230822$lBLL01$h1133
=CAT  \\$aBATCH-UPD$b00$c20230822$lBLL01$h1136
=FIN  \\$aY$d20230822
=SRC  \\$aCoherent Digital WHO$bwhoJuly23.mrc
=LAS  \\$aBATCH-UPD$b00$c20230822$lBLL01$h1136

