=LDR  03772nam a22006253i 4500
=001  021183371
=003  Uk
=005  20230822113340.0
=006  m\\\\||\\d\|\\\\\\
=007  cr\|||||||||||
=008  230811s2023\\\\sz\|||||o\\\\||||\||eng\\
=FMT  \\$a  BK
=037  \\$bWHO
=040  \\$aVaAlCD$beng$cVaAlCD$dUk
=041  \\$aeng
=245  02$aA cross-sectional study of knowledge, attitude, behaviour and preventive measures for COVID-19 infection in Lebanon /$cFouad Sakr.
=264  \1$a[Switzerland] :$bWorld Health Organization,$c2023.
=300  \\$a1 online resource.
=336  \\$atext$2rdacontent
=337  \\$acomputer$2rdamedia
=338  \\$aonline resource$2rdacarrier
=520  3\$aBackground: The World Health Organization has often reiterated its recommendations for the prevention of COVID-19, however, the success of these measures largely depends on public knowledge and attitudes. Aims: This study assessed the relationship between knowledge, attitude, behaviour and preventive measures for COVID-19 infection in a Lebanese population. Methods: This cross-sectional study was conducted between September and October 2020 using the snowball sampling technique and an online self-administered questionnaire. The questionnaire had 4 parts targeting sociodemographic characteristics.
=520  3\$amedical history.
=520  3\$aknowledge, attitude and practices (‎preventive measures and behaviours related to COVID-19)‎.
=520  3\$aand mental health variables such as psychological distress. Two models were derived using multivariable binomial logistic regression to optimize the picture of COVID-19 correlates. Results: Our sample comprised 1119 adults. Being older, female, a regular alcohol consumer, waterpipe smoker, having low level of education, low family income, and having contact with a COVID-19 patient correlated with increased odds of ever having been diagnosed with COVID-19. Participants who had ever been diagnosed with COVID-19 had a significantly better knowledge and a higher risky practice scale [‎adjusted odds ratio (‎ORa)‎ = 1.49.
=520  3\$a95% CI 1.27-1.74.
=520  3\$aP &lt.
=520  3\$a0.001.
=520  3\$aand ORa = 1.04.
=520  3\$a95% CI 1.01-1.08.
=520  3\$aP = 0.024, respectively]‎. Conclusion: The most important predictors of COVID-19 infection appear to be generally well-known among the general population, however, their knowledge and adherence to preventive measures should be continuously re-evaluated. This study highlights the need for greater awareness to improve precautionary behaviours among the public.
=653  \\$aCOVID-19
=653  \\$aEpidemiology
=653  \\$aLebanon
=653  \\$abetacoronavirus
=653  \\$acairo
=653  \\$acoronavirus disease (‎covid-19)‎
=653  \\$acovid-19
=653  \\$across-sectional studies
=653  \\$adisease outbreaks
=653  \\$aepidemiology
=653  \\$ahealth knowledge, attitudes, practice
=653  \\$alebanon
=653  \\$aprevention & control
=653  \\$asurveys and questionnaires
=700  1\$aFouad Sakr.
=710  2\$aWorld Health Organization.
=856  4\$uhttps://policycommons.net/artifacts/3936847/a-cross-sectional-study-of-knowledge-attitude-behaviour-and-preventive-measures-for-covid-19-infection-in-lebanon/4744295/$yWorld Health Organization document$ahttps://policycommons.net/
=859  \\$aORR$bWorld Health Organization
=884  \\$aLDL ebooks tsv to marcxml transformation using XSLTtest.xsl$g20230811$qUk
=CAT  \\$aBATCH-IGO$b00$c20230822$lBLL01$h1133
=CAT  \\$aBATCH-UPD$b00$c20230822$lBLL01$h1136
=FIN  \\$aY$d20230822
=SRC  \\$aCoherent Digital WHO$bwhoJuly23.mrc
=LAS  \\$aBATCH-UPD$b00$c20230822$lBLL01$h1136

