=LDR  03287nam a22005053i 4500
=001  021183372
=003  Uk
=005  20230822113340.0
=006  m\\\\||\\d\|\\\\\\
=007  cr\|||||||||||
=008  230811s2023\\\\sz\|||||o\\\\||||\||eng\\
=FMT  \\$a  BK
=037  \\$bWHO
=040  \\$aVaAlCD$beng$cVaAlCD$dUk
=041  \\$aeng
=245  00$aEffects of COVID-19 pandemic on forensic cases in a paediatric emergency department in Türkiye /$cSevgi Akova.
=264  \1$a[Switzerland] :$bWorld Health Organization,$c2023.
=300  \\$a1 online resource.
=336  \\$atext$2rdacontent
=337  \\$acomputer$2rdamedia
=338  \\$aonline resource$2rdacarrier
=520  3\$aBackground: The COVID-19 pandemic caused people to stay indoors, resulting in social isolation and reluctance to access healthcare services in hospitals because of the fear of acquiring COVID-19. This fear caused a decrease in health service utilization during the pandemic. Aims: To compare paediatric forensic cases admitted to an emergency department before and during the COVID-19 pandemic. Methods: We retrospectively compared the age, sex, type, frequency, and distribution of forensic cases admitted to the Paediatric Emergency Department of Umraniye Training and Research Hospital, Istanbul, Türkiye, before the COVID-19 pandemic between 1 July 2019 and 8 March 2020, and during the pandemic between 9 March and 31 December 2020. Results: There were 226 paediatric forensic cases among 147 624 emergency admissions before the COVID-19 pandemic, and 253 among 60 764 admissions during the pandemic. The proportion of forensic cases increased from 0.15% before the pandemic to 0.41% during the pandemic. Intoxication by accidental ingestion was the most common reason for forensic cases before and during the pandemic. There was a significant increase in ingestion of corrosive material during the pandemic compared to the pre-pandemic period. Conclusion: Parental anxiety and depression caused by the COVID-19 pandemic and lockdown resulted in decreased attention to childcare, leading to increased accidental ingestion of harmful materials among paediatric forensic cases admitted to the emergency department.
=653  \\$aCOVID-19
=653  \\$aEpidemics
=653  \\$aEpidemiology
=653  \\$abetacoronavirus
=653  \\$acairo
=653  \\$acommunicable disease control
=653  \\$acoronavirus disease (‎covid-19)‎
=653  \\$acovid-19
=653  \\$adisease outbreaks
=653  \\$aemergency service, hospital
=653  \\$aepidemiology
=653  \\$apandemics
=653  \\$aretrospective studies
=700  1\$aSevgi Akova.
=710  2\$aWorld Health Organization.
=856  4\$uhttps://policycommons.net/artifacts/3936843/effects-of-covid-19-pandemic-on-forensic-cases-in-a-paediatric-emergency-department-in-turkiye/4744289/$yWorld Health Organization document$ahttps://policycommons.net/
=859  \\$aORR$bWorld Health Organization
=884  \\$aLDL ebooks tsv to marcxml transformation using XSLTtest.xsl$g20230811$qUk
=CAT  \\$aBATCH-IGO$b00$c20230822$lBLL01$h1133
=CAT  \\$aBATCH-UPD$b00$c20230822$lBLL01$h1136
=FIN  \\$aY$d20230822
=SRC  \\$aCoherent Digital WHO$bwhoJuly23.mrc
=LAS  \\$aBATCH-UPD$b00$c20230822$lBLL01$h1136

