=LDR  01921nam a22004093i 4500
=001  021183382
=003  Uk
=005  20230822113340.0
=006  m\\\\||\\d\|\\\\\\
=007  cr\|||||||||||
=008  230811s2023\\\\sz\|||||o\\\\||||\||eng\\
=FMT  \\$a  BK
=037  \\$bWHO
=040  \\$aVaAlCD$beng$cVaAlCD$dUk
=041  \\$aeng
=245  00$aCommunicating with caregivers about the Human Papillomavirus vaccination: a tool to build confidence in communication skills among health workers /$cWorld Health Organization. Regional Office for Europe.
=264  \1$a[Switzerland] :$bWorld Health Organization,$c2023.
=300  \\$a1 online resource.
=336  \\$atext$2rdacontent
=337  \\$acomputer$2rdamedia
=338  \\$aonline resource$2rdacarrier
=520  3\$aThis training module is designed to equip health workers (‎HWs)‎ with knowledge, skills, confidence and resources to help them in their role to recommend the Human Papillomavirus (‎HPV)‎ vaccine. It provides a structured approach to assist HWs when communicating with caregivers about HPV vaccination.
=653  \\$acommunication
=653  \\$acopenhagen
=653  \\$ahealth workforce
=653  \\$ahuman papillomavirus 6
=653  \\$atraining support
=710  2\$aWorld Health Organization.
=720  \\$aWorld Health Organization. Regional Office for Europe
=856  4\$uhttps://policycommons.net/artifacts/3444510/communicating-with-caregivers-about-the-human-papillomavirus-vaccination/4244553/$yWorld Health Organization document$ahttps://policycommons.net/
=859  \\$aORR$bWorld Health Organization
=884  \\$aLDL ebooks tsv to marcxml transformation using XSLTtest.xsl$g20230811$qUk
=CAT  \\$aBATCH-IGO$b00$c20230822$lBLL01$h1133
=CAT  \\$aBATCH-UPD$b00$c20230822$lBLL01$h1136
=FIN  \\$aY$d20230822
=SRC  \\$aCoherent Digital WHO$bwhoJuly23.mrc
=LAS  \\$aBATCH-UPD$b00$c20230822$lBLL01$h1136

