=LDR  03523nam a22005533i 4500
=001  021183395
=003  Uk
=005  20230822113340.0
=006  m\\\\||\\d\|\\\\\\
=007  cr\|||||||||||
=008  230811s2023\\\\sz\|||||o\\\\||||\||eng\\
=FMT  \\$a  BK
=037  \\$bWHO
=040  \\$aVaAlCD$beng$cVaAlCD$dUk
=041  \\$aeng
=245  00$aAssessment of concerns about vaccination among recovered COVID-19 patients in Saudi Arabia /$cMohammed A. Al Rowaily.
=264  \1$a[Switzerland] :$bWorld Health Organization,$c2023.
=300  \\$a1 online resource.
=336  \\$atext$2rdacontent
=337  \\$acomputer$2rdamedia
=338  \\$aonline resource$2rdacarrier
=520  3\$aBackground: Vaccine hesitancy re-emerged as a critical public health issue during the COVID-19 pandemic. Aims: This study assessed the concerns of recovered COVID-19 patients about vaccination and the predictors of vaccine hesitancy. Methods: This was a cross-sectional study of 319 adult patients who recovered from COVID-19 in Saudi Arabia. It was conducted during 1 May to 1 October 2020 at King Abdulaziz Medical City, Riyadh. Each participant was interviewed 6-12 months post-recovery using the vaccination attitude examination scale. Data were collected on COVID-19 illness severity, sociodemographic characteristics, history of chronic disease, and post-COVID-19 vaccination. Level of vaccination concern was assessed based on the percentage mean score (‎PMS)‎. Results: Most (‎85.3%)‎ of the patients who recovered from COVID-19 expressed moderate overall concern (‎PMS = 68.96%)‎ about vaccination. Concern was highest for mistrust in vaccine benefits (‎PMS = 90.28%)‎, followed by natural immunity preference (‎PMS = 81.33%)‎ and worries about the vaccine side-effects (‎PMS = 60.29%)‎. Concern over commercial profiteering was low (‎PMS = 43.92%)‎. The overall PMS for concern about vaccination was significantly higher among patients aged 45+ years (‎t = 3.12, P = 0.002)‎ and among those who had experienced severe COVID-19 illness (‎t = 1.96, P = 0.05)‎. Conclusion: Overall concern about vaccination was high, and specific concerns were prevalent. Patient education on how the vaccine protects against reinfection should be targeted at COVID-19 patients before being discharged from hospital.
=653  \\$aCOVID-19
=653  \\$aEpidemics
=653  \\$aEpidemiology
=653  \\$aSaudi Arabia
=653  \\$aVaccination
=653  \\$abetacoronavirus
=653  \\$acairo
=653  \\$acoronavirus disease (‎covid-19)‎
=653  \\$acovid-19
=653  \\$acovid-19 vaccines
=653  \\$across-sectional studies
=653  \\$adisease outbreaks
=653  \\$aepidemiology
=653  \\$apandemics
=653  \\$aprevention & control
=653  \\$asaudi arabia
=653  \\$avaccination
=700  1\$aMohammed A. Al Rowaily.
=710  2\$aWorld Health Organization.
=856  4\$uhttps://policycommons.net/artifacts/3936835/assessment-of-concerns-about-vaccination-among-recovered-covid-19-patients-in-saudi-arabia/4743864/$yWorld Health Organization document$ahttps://policycommons.net/
=859  \\$aORR$bWorld Health Organization
=884  \\$aLDL ebooks tsv to marcxml transformation using XSLTtest.xsl$g20230811$qUk
=CAT  \\$aBATCH-IGO$b00$c20230822$lBLL01$h1133
=CAT  \\$aBATCH-UPD$b00$c20230822$lBLL01$h1137
=FIN  \\$aY$d20230822
=SRC  \\$aCoherent Digital WHO$bwhoJuly23.mrc
=LAS  \\$aBATCH-UPD$b00$c20230822$lBLL01$h1137

