=LDR  02873nam a22006853i 4500
=001  021183396
=003  Uk
=005  20230822113340.0
=006  m\\\\||\\d\|\\\\\\
=007  cr\|||||||||||
=008  230811s2023\\\\sz\|||||o\\\\||||\||eng\\
=FMT  \\$a  BK
=037  \\$bWHO
=040  \\$aVaAlCD$beng$cVaAlCD$dUk
=041  \\$aeng
=245  00$aEastern Mediterranean Health Journal [‎2023 Vol.29, Issue 4]‎ /$cWorld Health Organization. Regional Office for the Eastern Mediterranean.
=264  \1$a[Switzerland] :$bWorld Health Organization,$c2023.
=300  \\$a1 online resource.
=336  \\$atext$2rdacontent
=337  \\$acomputer$2rdamedia
=338  \\$aonline resource$2rdacarrier
=520  3\$aEastern Mediterranean Health Journal is the official health journal published by the Eastern Mediterranean Regional Office of the World Health Organization. It is a forum for the presentation and promotion of new policies and initiatives in health services.
=520  3\$aand for the exchange of ideas concepts epidemiological data research findings and other information with special reference to the Eastern Mediterranean Region. It addresses all members of the health profession medical and other health educational institutes interested NGOs WHO Collaborating Centres and individuals within and outside the Region.
=653  \\$aCOVID-19
=653  \\$aHospitals
=653  \\$aMediterranean Region
=653  \\$aMental Health
=653  \\$aPediatrics
=653  \\$aVaccination
=653  \\$aVaccines
=653  \\$aasthma
=653  \\$abetacoronavirus
=653  \\$acairo
=653  \\$acovid-19
=653  \\$adementia
=653  \\$adisease outbreaks
=653  \\$aemergency service, hospital
=653  \\$ahealth knowledge, attitudes, practice
=653  \\$ahealth personnel
=653  \\$ahospitals
=653  \\$ainformation, evidence and research
=653  \\$amediterranean region
=653  \\$amental health
=653  \\$apediatrics
=653  \\$apersonal protective equipment
=653  \\$aprevention & control
=653  \\$asars-cov-2
=653  \\$asupply & distribution
=653  \\$avaccination
=653  \\$avaccines
=710  2\$aWorld Health Organization.
=720  \\$aWorld Health Organization. Regional Office for the Eastern Mediterranean
=856  4\$uhttps://policycommons.net/artifacts/3936840/eastern-mediterranean-health-journal-2023-vol29-issue-4/4744278/$yWorld Health Organization document$ahttps://policycommons.net/
=859  \\$aORR$bWorld Health Organization
=884  \\$aLDL ebooks tsv to marcxml transformation using XSLTtest.xsl$g20230811$qUk
=CAT  \\$aBATCH-IGO$b00$c20230822$lBLL01$h1133
=CAT  \\$aBATCH-UPD$b00$c20230822$lBLL01$h1137
=FIN  \\$aY$d20230822
=SRC  \\$aCoherent Digital WHO$bwhoJuly23.mrc
=LAS  \\$aBATCH-UPD$b00$c20230822$lBLL01$h1137

