=LDR  01737nam a22004333i 4500
=001  021183400
=003  Uk
=005  20230822113340.0
=006  m\\\\||\\d\|\\\\\\
=007  cr\|||||||||||
=008  230811s2023\\\\sz\|||||o\\\\||||\||eng\\
=FMT  \\$a  BK
=037  \\$bWHO
=040  \\$aVaAlCD$beng$cVaAlCD$dUk
=041  \\$aeng
=245  00$aThirtieth Standing Committee of the Regional Committee for Europe: Almaty, Kazakhstan, 14-15 March 2023: report of the third session /$cthird session Thirtieth Standing Committee of the Regional Committee for Europe.
=264  \1$a[Switzerland] :$bWorld Health Organization,$c2023.
=300  \\$a1 online resource.
=336  \\$atext$2rdacontent
=337  \\$acomputer$2rdamedia
=338  \\$aonline resource$2rdacarrier
=520  3\$a29 p.
=653  \\$aEurope
=653  \\$aInternational Cooperation
=653  \\$acopenhagen
=653  \\$aeurope
=653  \\$ainternational cooperation
=653  \\$aorganization and administration
=653  \\$aworld health organization
=710  2\$aWorld Health Organization.
=720  \\$aThirtieth Standing Committee of the Regional Committee for Europe, third session
=856  4\$uhttps://policycommons.net/artifacts/3681554/thirtieth-standing-committee-of-the-regional-committee-for-europe/4487461/$yWorld Health Organization document$ahttps://policycommons.net/
=859  \\$aORR$bWorld Health Organization
=884  \\$aLDL ebooks tsv to marcxml transformation using XSLTtest.xsl$g20230811$qUk
=CAT  \\$aBATCH-IGO$b00$c20230822$lBLL01$h1133
=CAT  \\$aBATCH-UPD$b00$c20230822$lBLL01$h1137
=FIN  \\$aY$d20230822
=SRC  \\$aCoherent Digital WHO$bwhoJuly23.mrc
=LAS  \\$aBATCH-UPD$b00$c20230822$lBLL01$h1137

