=LDR  02574nam a22004213i 4500
=001  021183402
=003  Uk
=005  20230822113340.0
=006  m\\\\||\\d\|\\\\\\
=007  cr\|||||||||||
=008  230811s2023\\\\sz\|||||o\\\\||||\||eng\\
=FMT  \\$a  BK
=037  \\$bWHO
=040  \\$aVaAlCD$beng$cVaAlCD$dUk
=041  \\$aeng
=245  00$aGlobal oral health status report: towards universal health coverage for oral health by 2030: summary of the WHO European Region /$cWorld Health Organization. Regional Office for Europe.
=264  \1$a[Switzerland] :$bWorld Health Organization,$c2023.
=300  \\$a1 online resource.
=336  \\$atext$2rdacontent
=337  \\$acomputer$2rdamedia
=338  \\$aonline resource$2rdacarrier
=520  3\$aThis publication describes the status of oral health across the WHO European Region, covering 53 countries across Europe and Central Asia, based on the Global Oral Health Status Report 2022. The summary reviews the prevalence of oral disease across the Region, and identifies the drivers for harm. It highlights regional issues and opportunities in establishing effective oral health provision. It also explores the proportion of countries with national oral health policies and dedicated staff embedded in Ministries of Health focusing on oral health. The aim of this regional summary is to encourage governments and health authorities to increase access to safe, effective and affordable essential oral health care in order to address oral health inequities and improve health for all in the WHO European Region. The recommendations contained in this report complement those in the Global Oral Health Action Plan, and focus on oral health as being integral to Universal health coverage.
=653  \\$aHealth Policy
=653  \\$acopenhagen
=653  \\$ahealth policy
=653  \\$anoncommunicable diseases
=653  \\$aoral health
=653  \\$auniversal health care
=710  2\$aWorld Health Organization.
=720  \\$aWorld Health Organization. Regional Office for Europe
=856  4\$uhttps://policycommons.net/artifacts/3681553/global-oral-health-status-report/4487454/$yWorld Health Organization document$ahttps://policycommons.net/
=859  \\$aORR$bWorld Health Organization
=884  \\$aLDL ebooks tsv to marcxml transformation using XSLTtest.xsl$g20230811$qUk
=CAT  \\$aBATCH-IGO$b00$c20230822$lBLL01$h1133
=CAT  \\$aBATCH-UPD$b00$c20230822$lBLL01$h1137
=FIN  \\$aY$d20230822
=SRC  \\$aCoherent Digital WHO$bwhoJuly23.mrc
=LAS  \\$aBATCH-UPD$b00$c20230822$lBLL01$h1137

