=LDR  03059nam a22004813i 4500
=001  021183406
=003  Uk
=005  20230822113340.0
=006  m\\\\||\\d\|\\\\\\
=007  cr\|||||||||||
=008  230811s2023\\\\sz\|||||o\\\\||||\||eng\\
=FMT  \\$a  BK
=037  \\$bWHO
=040  \\$aVaAlCD$beng$cVaAlCD$dUk
=041  \\$aeng
=245  00$aEconomics of the health implications of waste management in the context of a circular economy /$cWorld Health Organization. Regional Office for Europe.
=264  \1$a[Switzerland] :$bWorld Health Organization,$c2023.
=300  \\$a1 online resource.
=336  \\$atext$2rdacontent
=337  \\$acomputer$2rdamedia
=338  \\$aonline resource$2rdacarrier
=520  3\$aThe world is at a crossroads. For decades, economies have relied on the linear model to 'take, make, and dispose'.
=520  3\$aa circular economy is slowly emerging, which looks to 'renew, remake, and share' instead. Moving toward a circular economy requires a fundamental rethinking of waste management practices and how they can affect health and wellbeing. This report analyzes assessment of economic benefits of the health outcomes from better waste management, and discusses approaches for assessing health impacts and their economic consequences in decision-making for a zero pollution future based on the principles of a circular economy and sustainable waste management. Transformation to more sustainable waste management with low health risks entails substantial economic costs: in remediation of historic waste deposit sites, investment in purchasing and maintaining modern technologies for waste burning, and promoting job switching to avoid lost livelihoods. Economic assessment methods have evolved and include selected topics in the social dimension of sustainability, such as equity. This trend in economic assessment has substantially facilitated the evaluation of health and well-being in the context of the circular economy and waste management in both the short and long term.
=653  \\$aEconomics
=653  \\$aEnvironmental Health
=653  \\$aSustainable development
=653  \\$aWaste Management
=653  \\$acopenhagen
=653  \\$aeconomics
=653  \\$aenvironmental health
=653  \\$ahealth impact assessment
=653  \\$asustainable development
=653  \\$awaste management
=710  2\$aWorld Health Organization.
=720  \\$aWorld Health Organization. Regional Office for Europe
=856  4\$uhttps://policycommons.net/artifacts/3367122/economics-of-the-health-implications-of-waste-management-in-the-context-of-a-circular-economy/4165786/$yWorld Health Organization document$ahttps://policycommons.net/
=859  \\$aORR$bWorld Health Organization
=884  \\$aLDL ebooks tsv to marcxml transformation using XSLTtest.xsl$g20230811$qUk
=CAT  \\$aBATCH-IGO$b00$c20230822$lBLL01$h1133
=CAT  \\$aBATCH-UPD$b00$c20230822$lBLL01$h1137
=FIN  \\$aY$d20230822
=SRC  \\$aCoherent Digital WHO$bwhoJuly23.mrc
=LAS  \\$aBATCH-UPD$b00$c20230822$lBLL01$h1137

