=LDR  01658nam a22004693i 4500
=001  021183412
=003  Uk
=005  20230822113340.0
=006  m\\\\||\\d\|\\\\\\
=007  cr\|||||||||||
=008  230811s2023\\\\sz\|||||o\\\\||||\||eng\\
=FMT  \\$a  BK
=037  \\$bWHO
=040  \\$aVaAlCD$beng$cVaAlCD$dUk
=041  \\$aeng
=245  00$aRefugee and migrant health country profile: Jordan /$cWorld Health Organization. Regional Office for the Eastern Mediterranean.
=264  \1$a[Switzerland] :$bWorld Health Organization,$c2023.
=300  \\$a1 online resource.
=336  \\$atext$2rdacontent
=337  \\$acomputer$2rdamedia
=338  \\$aonline resource$2rdacarrier
=520  3\$a30 p.
=653  \\$aJordan
=653  \\$aPublic Health
=653  \\$aRefugees
=653  \\$acairo
=653  \\$aemigrants and immigrants
=653  \\$ahealth systems
=653  \\$ajordan
=653  \\$apublic health
=653  \\$arefugees
=653  \\$atransients and migrants
=710  2\$aWorld Health Organization.
=720  \\$aWorld Health Organization. Regional Office for the Eastern Mediterranean
=856  4\$uhttps://policycommons.net/artifacts/3882260/refugee-and-migrant-health-country-profile/4688608/$yWorld Health Organization document$ahttps://policycommons.net/
=859  \\$aORR$bWorld Health Organization
=884  \\$aLDL ebooks tsv to marcxml transformation using XSLTtest.xsl$g20230811$qUk
=CAT  \\$aBATCH-IGO$b00$c20230822$lBLL01$h1133
=CAT  \\$aBATCH-UPD$b00$c20230822$lBLL01$h1137
=FIN  \\$aY$d20230822
=SRC  \\$aCoherent Digital WHO$bwhoJuly23.mrc
=LAS  \\$aBATCH-UPD$b00$c20230822$lBLL01$h1137

