=LDR  01512nam a22004213i 4500
=001  021183413
=003  Uk
=005  20230822113340.0
=006  m\\\\||\\d\|\\\\\\
=007  cr\|||||||||||
=008  230811s2023\\\\sz\|||||o\\\\||||\||eng\\
=FMT  \\$a  BK
=037  \\$bWHO
=040  \\$aVaAlCD$beng$cVaAlCD$dUk
=041  \\$aeng
=245  04$aThe role of civil society organizations in fostering equitable vaccine delivery through COVAX /$cAdil Ashraf.
=264  \1$a[Switzerland] :$bWorld Health Organization,$c2023.
=300  \\$a1 online resource.
=336  \\$atext$2rdacontent
=337  \\$acomputer$2rdamedia
=338  \\$aonline resource$2rdacarrier
=653  \\$aHealth Policy
=653  \\$aVaccines
=653  \\$acairo
=653  \\$ahealth policy
=653  \\$ahealth systems
=653  \\$aorganizations
=653  \\$avaccines
=700  1\$aAdil Ashraf.
=710  2\$aWorld Health Organization.
=856  4\$uhttps://policycommons.net/artifacts/3936837/the-role-of-civil-society-organizations-in-fostering-equitable-vaccine-delivery-through-covax/4743723/$yWorld Health Organization document$ahttps://policycommons.net/
=859  \\$aORR$bWorld Health Organization
=884  \\$aLDL ebooks tsv to marcxml transformation using XSLTtest.xsl$g20230811$qUk
=CAT  \\$aBATCH-IGO$b00$c20230822$lBLL01$h1133
=CAT  \\$aBATCH-UPD$b00$c20230822$lBLL01$h1137
=FIN  \\$aY$d20230822
=SRC  \\$aCoherent Digital WHO$bwhoJuly23.mrc
=LAS  \\$aBATCH-UPD$b00$c20230822$lBLL01$h1137

