=LDR  01822nam a22005173i 4500
=001  021183421
=003  Uk
=005  20230822113340.0
=006  m\\\\||\\d\|\\\\\\
=007  cr\|||||||||||
=008  230811s2023\\\\sz\|||||o\\\\||||\||eng\\
=FMT  \\$a  BK
=037  \\$bWHO
=040  \\$aVaAlCD$beng$cVaAlCD$dUk
=041  \\$aeng
=245  02$aA clinical case definition for post COVID-19 condition in children and adolescents by expert consensus, 16 February 2023 /$cWorld Health Organization.
=264  \1$a[Switzerland] :$bWorld Health Organization,$c2023.
=300  \\$a1 online resource.
=336  \\$atext$2rdacontent
=337  \\$acomputer$2rdamedia
=338  \\$aonline resource$2rdacarrier
=520  3\$a99 p.
=653  \\$aConsensus
=653  \\$aCOVID-19
=653  \\$aadolescent
=653  \\$abetacoronavirus
=653  \\$achild
=653  \\$acomplications
=653  \\$aconsensus
=653  \\$acovid-19
=653  \\$adelphi technique
=653  \\$adiagnosis
=653  \\$adisease outbreaks
=653  \\$ageneva
=653  \\$apost-acute covid-19 syndrome
=653  \\$asars-cov-2
=710  2\$aWorld Health Organization.
=720  \\$aWorld Health Organization
=856  4\$uhttps://policycommons.net/artifacts/3448166/a-clinical-case-definition-for-post-covid-19-condition-in-children-and-adolescents-by-expert-consensus-16-february-2023/4248334/$yWorld Health Organization document$ahttps://policycommons.net/
=859  \\$aORR$bWorld Health Organization
=884  \\$aLDL ebooks tsv to marcxml transformation using XSLTtest.xsl$g20230811$qUk
=CAT  \\$aBATCH-IGO$b00$c20230822$lBLL01$h1133
=CAT  \\$aBATCH-UPD$b00$c20230822$lBLL01$h1137
=FIN  \\$aY$d20230822
=SRC  \\$aCoherent Digital WHO$bwhoJuly23.mrc
=LAS  \\$aBATCH-UPD$b00$c20230822$lBLL01$h1137

