=LDR  01786nam a22004933i 4500
=001  021183422
=003  Uk
=005  20230822113340.0
=006  m\\\\||\\d\|\\\\\\
=007  cr\|||||||||||
=008  230811s2023\\\\sz\|||||o\\\\||||\||eng\\
=FMT  \\$a  BK
=037  \\$bWHO
=040  \\$aVaAlCD$beng$cVaAlCD$dUk
=041  \\$aeng
=245  00$aUser manual for WHO cervical cancer prevention and control costing tool: HPV vaccination module (‎C4P-HPV tool)‎ /$cWorld Health Organization.
=264  \1$a[Switzerland] :$bWorld Health Organization,$c2023.
=300  \\$a1 online resource.
=336  \\$atext$2rdacontent
=337  \\$acomputer$2rdamedia
=338  \\$aonline resource$2rdacarrier
=520  3\$avi, 40 p.
=653  \\$aData Analysis
=653  \\$aFinancial Management
=653  \\$aVaccination
=653  \\$acosts and cost analysis
=653  \\$adata analysis
=653  \\$adata collection
=653  \\$afinancial management
=653  \\$ageneva
=653  \\$ahuman papillomavirus viruses
=653  \\$apapillomavirus vaccines
=653  \\$auterine cervical neoplasms
=653  \\$avaccination
=710  2\$aWorld Health Organization.
=720  \\$aWorld Health Organization
=856  4\$uhttps://policycommons.net/artifacts/3681548/user-manual-for-who-cervical-cancer-prevention-and-control-costing-tool/4487436/$yWorld Health Organization document$ahttps://policycommons.net/
=859  \\$aORR$bWorld Health Organization
=884  \\$aLDL ebooks tsv to marcxml transformation using XSLTtest.xsl$g20230811$qUk
=CAT  \\$aBATCH-IGO$b00$c20230822$lBLL01$h1133
=CAT  \\$aBATCH-UPD$b00$c20230822$lBLL01$h1137
=FIN  \\$aY$d20230822
=SRC  \\$aCoherent Digital WHO$bwhoJuly23.mrc
=LAS  \\$aBATCH-UPD$b00$c20230822$lBLL01$h1137

