=LDR  02607nam a22004093i 4500
=001  021183423
=003  Uk
=005  20230822113340.0
=006  m\\\\||\\d\|\\\\\\
=007  cr\|||||||||||
=008  230811s2023\\\\sz\|||||o\\\\||||\||eng\\
=FMT  \\$a  BK
=037  \\$bWHO
=040  \\$aVaAlCD$beng$cVaAlCD$dUk
=041  \\$aeng
=245  00$aBedbug infestation in Lahore hospitals /$cHafiz Amin.
=264  \1$a[Switzerland] :$bWorld Health Organization,$c2023.
=300  \\$a1 online resource.
=336  \\$atext$2rdacontent
=337  \\$acomputer$2rdamedia
=338  \\$aonline resource$2rdacarrier
=520  3\$aBackground: Bedbug infestation has been reported globally, but there are few reports about this parasite of public health importance in Pakistan. This is the first study on bedbug infestation in a healthcare setting in Lahore, Pakistan. Aims: To study bedbug infestation in public sector hospitals in Lahore, Pakistan. Methods: This cross-sectional study was conducted in 86 wards of 2 tertiary care hospitals in Lahore during October and November 2019, using nonprobability sampling technique. Ward supervisors were interviewed using a self-developed structured questionnaire and wards were examined for bedbugs or their markers. Results: Evidence of bedbug infestation was found in 72.1% of the wards. There was no significant difference in infestation rate between the 2 hospitals but there was a significantly lower incidence of infestation in wards that implemented control measures (‎25.8% vs 74.2%)‎. No control measures were implemented in 53.4% of the wards sampled. Conclusion: Bedbug infestation was rife in the 2 hospitals studied and knowledge about identification and eradication of the pest among ward supervisors was inadequate. Control measures, where applied, were substandard and not evidencebased.
=653  \\$aCommunicable Diseases
=653  \\$abedbugs
=653  \\$acairo
=653  \\$acommunicable diseases
=653  \\$ainsect bites and stings
=700  1\$aHafiz Amin.
=710  2\$aWorld Health Organization.
=856  4\$uhttps://policycommons.net/artifacts/3534088/bedbug-infestation-in-lahore-hospitals/4335301/$yWorld Health Organization document$ahttps://policycommons.net/
=859  \\$aORR$bWorld Health Organization
=884  \\$aLDL ebooks tsv to marcxml transformation using XSLTtest.xsl$g20230811$qUk
=CAT  \\$aBATCH-IGO$b00$c20230822$lBLL01$h1133
=CAT  \\$aBATCH-UPD$b00$c20230822$lBLL01$h1137
=FIN  \\$aY$d20230822
=SRC  \\$aCoherent Digital WHO$bwhoJuly23.mrc
=LAS  \\$aBATCH-UPD$b00$c20230822$lBLL01$h1137

