=LDR  02099nam a22004693i 4500
=001  021183425
=003  Uk
=005  20230822113340.0
=006  m\\\\||\\d\|\\\\\\
=007  cr\|||||||||||
=008  230811s2023\\\\sz\|||||o\\\\||||\||eng\\
=FMT  \\$a  BK
=037  \\$bWHO
=040  \\$aVaAlCD$beng$cVaAlCD$dUk
=041  \\$aeng
=245  00$aTürkiye earthquake: external situation report no.5: 13-19 March 2023 /$cWorld Health Organization. Regional Office for Europe.
=264  \1$a[Switzerland] :$bWorld Health Organization,$c2023.
=300  \\$a1 online resource.
=336  \\$atext$2rdacontent
=337  \\$acomputer$2rdamedia
=338  \\$aonline resource$2rdacarrier
=520  3\$aOn 6 February 2023 a 7.8 magnitude earthquake struck at 04:17 local time with its epicentre located in the Pazarcık district in Kahramanmaraş province, Türkiye. This is the highest magnitude earthquake recorded in Türkiye since 1939 and was followed by around 5700 aftershocks. Combined, the earthquakes have affected an area of about 400 km2 including the large Turkish industrial cities of Adana and Gaziantep and the surrounding cities of Adıyaman, Diyarbakır, Kilis and Malatya.
=653  \\$aEarthquakes
=653  \\$aNatural Disasters
=653  \\$aPublic Health
=653  \\$aTurkey
=653  \\$acopenhagen
=653  \\$aearthquakes
=653  \\$aemergencies
=653  \\$anatural disasters
=653  \\$apublic health
=653  \\$aturkey
=710  2\$aWorld Health Organization.
=720  \\$aWorld Health Organization. Regional Office for Europe
=856  4\$uhttps://policycommons.net/artifacts/3525878/turkiye-earthquake/4326602/$yWorld Health Organization document$ahttps://policycommons.net/
=859  \\$aORR$bWorld Health Organization
=884  \\$aLDL ebooks tsv to marcxml transformation using XSLTtest.xsl$g20230811$qUk
=CAT  \\$aBATCH-IGO$b00$c20230822$lBLL01$h1133
=CAT  \\$aBATCH-UPD$b00$c20230822$lBLL01$h1137
=FIN  \\$aY$d20230822
=SRC  \\$aCoherent Digital WHO$bwhoJuly23.mrc
=LAS  \\$aBATCH-UPD$b00$c20230822$lBLL01$h1137

