=LDR  03478nam a22005893i 4500
=001  021183429
=003  Uk
=005  20230822113340.0
=006  m\\\\||\\d\|\\\\\\
=007  cr\|||||||||||
=008  230811s2023\\\\sz\|||||o\\\\||||\||eng\\
=FMT  \\$a  BK
=037  \\$bWHO
=040  \\$aVaAlCD$beng$cVaAlCD$dUk
=041  \\$aeng
=245  02$aA multicentre survey of asthma-related quality-of-life and treatment in Egypt during the COVID-19 pandemic /$cNaglaa Youssef.
=264  \1$a[Switzerland] :$bWorld Health Organization,$c2023.
=300  \\$a1 online resource.
=336  \\$atext$2rdacontent
=337  \\$acomputer$2rdamedia
=338  \\$aonline resource$2rdacarrier
=520  3\$aBackground: Asthma is a common chronic noncommunicable disease which can impair the health-related quality-of-life (‎HRQOL)‎ of patients. Aims: To investigate treatment-related experiences and HRQOL of asthma patients in Egypt during the COVID-19 pandemic. Methods: A multicentre cross-sectional study was conducted from 21 July to 17 December 2020 in 3 teaching hospitals in Egypt among a convenience sample of asthma patients. We used socioeconomic and clinical variables, perceived threat level of COVID-19, experiences before and during COVID-19, the Asthma Control Questionnaire (‎ACQ)‎, and the mini Asthma Quality of Life Questionnaire (‎mini-AQLQ)‎ to collect data. Results: Among the 200 respondents (‎66.0% male.
=520  3\$amean age 40.2 years)‎, 80.0% had uncontrolled asthma. The greatest impairment to HRQOL was due to limitation of activity. Females reported a higher level of perceived threat from COVID-19 (‎Chi squared = -2.33, P = 0.02)‎. Before the pandemic, more patients visited the clinician when they had symptoms but did so more regularly during the pandemic. Over 75% could not differentiate between asthma and COVID-19 symptoms. Perceived uncontrolled asthma and poor compliance with treatment were significantly associated with impairment of HRQOL (‎P &lt.
=520  3\$a0.05)‎ before COVID-19. Conclusion: The COVID-19 pandemic improved some asthma-related health behaviours, but limitations in HRQOL were still evident. Uncontrolled asthma is a key factor for HRQOL and should remain a focus for all patients.
=653  \\$aCOVID-19
=653  \\$aEgypt
=653  \\$aEpidemics
=653  \\$aEpidemiology
=653  \\$aQuality of Life
=653  \\$aasthma
=653  \\$abetacoronavirus
=653  \\$acairo
=653  \\$acoronavirus disease (‎covid-19)‎
=653  \\$acovid-19
=653  \\$across-sectional studies
=653  \\$adisease outbreaks
=653  \\$aegypt
=653  \\$aepidemiology
=653  \\$apandemics
=653  \\$aquality of life
=653  \\$asurveys and questionnaires
=653  \\$atherapy
=700  1\$aNaglaa Youssef.
=710  2\$aWorld Health Organization.
=856  4\$uhttps://policycommons.net/artifacts/3936844/a-multicentre-survey-of-asthma-related-quality-of-life-and-treatment-in-egypt-during-the-covid-19-pandemic/4743291/$yWorld Health Organization document$ahttps://policycommons.net/
=859  \\$aORR$bWorld Health Organization
=884  \\$aLDL ebooks tsv to marcxml transformation using XSLTtest.xsl$g20230811$qUk
=CAT  \\$aBATCH-IGO$b00$c20230822$lBLL01$h1133
=CAT  \\$aBATCH-UPD$b00$c20230822$lBLL01$h1137
=FIN  \\$aY$d20230822
=SRC  \\$aCoherent Digital WHO$bwhoJuly23.mrc
=LAS  \\$aBATCH-UPD$b00$c20230822$lBLL01$h1137

