=LDR  03463nam a22004813i 4500
=001  021183430
=003  Uk
=005  20230822113340.0
=006  m\\\\||\\d\|\\\\\\
=007  cr\|||||||||||
=008  230811s2023\\\\sz\|||||o\\\\||||\||eng\\
=FMT  \\$a  BK
=037  \\$bWHO
=040  \\$aVaAlCD$beng$cVaAlCD$dUk
=041  \\$aeng
=245  00$aVaccine hesitancy in the Gulf Cooperation Council countries /$cAljoharah Algabbani.
=264  \1$a[Switzerland] :$bWorld Health Organization,$c2023.
=300  \\$a1 online resource.
=336  \\$atext$2rdacontent
=337  \\$acomputer$2rdamedia
=338  \\$aonline resource$2rdacarrier
=520  3\$aBackground: Vaccination has a tremendous impact on health at the regional and global levels, however, the tendency for people to hesitate on vaccination has been increasing in the past few decades. Aims: We assessed vaccine hesitancy and its determinants in the Gulf Cooperation Council countries. Methods: We conducted a literature review to assess peer-reviewed articles published up to March 2021 on vaccine hesitancy in the Gulf Cooperation Council countries using the Preferred Reporting Items for Systematic Reviews and Meta-Analyses approach. A search was conducted via PubMed and 29 articles were identified. After the removal of duplicates and irrelevant articles, 14 studies remained relevant and were used for the review. Results: Vaccine hesitancy in the Gulf Cooperation Council countries ranged from 11% to 71%. Differences in rates were noted for vaccine type, with COVID-19 vaccine having the highest reported hesitancy (‎70.6%)‎. The likelihood of accepting vaccination was associated with previous individual acceptance of vaccine, specifically the seasonal influenza vaccine. The most common determinants of vaccine hesitancy were distrust in vaccine safety and concerns about side-effects. Healthcare workers were among the main sources of information and recommendations about vaccination, but 17-68% of them were vaccine-hesitant. The majority of the healthcare workers had never received any training on addressing vaccine hesitancy among patients. Conclusions: Vaccine hesitancy is prevalent among the publics and healthcare workers in the Gulf Cooperation Council countries. There is a need to continually monitor perceptions and knowledge about vaccines and vaccination in these countries to better inform interventions to improve vaccine uptake in the sub-region.
=653  \\$aCOVID-19
=653  \\$aVaccination
=653  \\$abetacoronavirus
=653  \\$acairo
=653  \\$acoronavirus disease (‎covid-19)‎
=653  \\$acovid-19
=653  \\$acovid-19 vaccines
=653  \\$adisease outbreaks
=653  \\$adrug-related side effects and adverse reactions
=653  \\$avaccination
=653  \\$avaccination hesitancy
=700  1\$aAljoharah Algabbani.
=710  2\$aWorld Health Organization.
=856  4\$uhttps://policycommons.net/artifacts/4305848/vaccine-hesitancy-in-the-gulf-cooperation-council-countries/5116024/$yWorld Health Organization document$ahttps://policycommons.net/
=859  \\$aORR$bWorld Health Organization
=884  \\$aLDL ebooks tsv to marcxml transformation using XSLTtest.xsl$g20230811$qUk
=CAT  \\$aBATCH-IGO$b00$c20230822$lBLL01$h1133
=CAT  \\$aBATCH-UPD$b00$c20230822$lBLL01$h1137
=FIN  \\$aY$d20230822
=SRC  \\$aCoherent Digital WHO$bwhoJuly23.mrc
=LAS  \\$aBATCH-UPD$b00$c20230822$lBLL01$h1137

