=LDR  02956nam a22005053i 4500
=001  021183439
=003  Uk
=005  20230822113340.0
=006  m\\\\||\\d\|\\\\\\
=007  cr\|||||||||||
=008  230811s2023\\\\sz\|||||o\\\\||||\||eng\\
=FMT  \\$a  BK
=037  \\$bWHO
=040  \\$aVaAlCD$beng$cVaAlCD$dUk
=041  \\$aeng
=245  00$aHospital-based case-control study of risk factors for early neonatal mortality in the Gaza Strip /$cAsma El Najar.
=264  \1$a[Switzerland] :$bWorld Health Organization,$c2023.
=300  \\$a1 online resource.
=336  \\$atext$2rdacontent
=337  \\$acomputer$2rdamedia
=338  \\$aonline resource$2rdacarrier
=520  3\$aBackground: Early neonatal death is an essential epidemiological indicator of maternal and child health. Aims: To identify risk factors for early neonatal deaths in the Gaza Strip. Methods: This hospital-based case-control study included 132 women who experienced neonatal deaths from January to September 2018. The control group comprised 264 women who were selected using systematic random sampling and gave birth to live newborns at the time of data collection. Results: The controls who had no history of neonatal death or stillbirth were less likely to have an early neonatal death than women who had such history. The controls who did not have meconium aspiration syndrome or amniotic fluid complications were less likely to have an early neonatal death than women who experienced these complications during delivery. The controls who had a singleton birth outcome were less likely to have an early neonatal death than women who had multiple births. Conclusion: Interventions are needed to provide preconception care, improve the quality of intrapartum and postnatal care, provide high-quality health education, and improve the quality of care provided by neonatal intensive care units in the Gaza Strip.
=653  \\$aEpidemiology
=653  \\$aHospitals
=653  \\$aInfant Mortality
=653  \\$aMiddle East
=653  \\$acairo
=653  \\$acase-control studies
=653  \\$aepidemiology
=653  \\$ahealth systems
=653  \\$ahospitals
=653  \\$ainfant mortality
=653  \\$ameconium aspiration syndrome
=653  \\$amiddle east
=653  \\$arisk factors
=700  1\$aAsma El Najar.
=710  2\$aWorld Health Organization.
=856  4\$uhttps://policycommons.net/artifacts/4305843/hospital-based-case-control-study-of-risk-factors-for-early-neonatal-mortality-in-the-gaza-strip/5115995/$yWorld Health Organization document$ahttps://policycommons.net/
=859  \\$aORR$bWorld Health Organization
=884  \\$aLDL ebooks tsv to marcxml transformation using XSLTtest.xsl$g20230811$qUk
=CAT  \\$aBATCH-IGO$b00$c20230822$lBLL01$h1133
=CAT  \\$aBATCH-UPD$b00$c20230822$lBLL01$h1137
=FIN  \\$aY$d20230822
=SRC  \\$aCoherent Digital WHO$bwhoJuly23.mrc
=LAS  \\$aBATCH-UPD$b00$c20230822$lBLL01$h1137

