=LDR  03578nam a22005293i 4500
=001  021183441
=003  Uk
=005  20230822113340.0
=006  m\\\\||\\d\|\\\\\\
=007  cr\|||||||||||
=008  230811s2023\\\\sz\|||||o\\\\||||\||eng\\
=FMT  \\$a  BK
=037  \\$bWHO
=040  \\$aVaAlCD$beng$cVaAlCD$dUk
=041  \\$aeng
=245  00$aCOVID-19 vaccine acceptance and COVID-19-induced income disruption among migrant workers in Saudi Arabia /$cSyed Badar.
=264  \1$a[Switzerland] :$bWorld Health Organization,$c2023.
=300  \\$a1 online resource.
=336  \\$atext$2rdacontent
=337  \\$acomputer$2rdamedia
=338  \\$aonline resource$2rdacarrier
=520  3\$aBackground: Neither COVID-19 vaccine acceptance nor income changes among migrant workers during the pandemic has been assessed in Saudi Arabia. Aims: To assess the correlates of willingness to take the COVID-19 vaccine and a decrease in income during the pandemic among migrant workers in Saudi Arabia. Methods: An electronic questionnaire was administered to 2403 migrant workers from the Middle East and South Asia employed in agriculture, auto repair, construction, food service (‎restaurants)‎, municipality, and poultry farms in Al-Qassim Province, Saudi Arabia. The interviews were conducted in the native languages of the workers in 2021. Chi-square was used to assess the associations, and a multiple logistic regression was used to generate the odds ratio. Data analysis was conducted using SPSS version 27. Results: South Asian workers were 2.30 [‎95% confidence interval (‎CI)‎: 1.60-3.32]‎ times more likely to accept the COVID-19 vaccine than those from the Middle East (‎reference group)‎. Restaurant, agriculture and poultry workers were respectively 2.36 (‎95% CI: 1.41-3.95)‎, 2.13 (‎95% CI: 1.29-3.51)‎ and 14.56 (‎95% CI: 5.64-37.59)‎ times more likely to accept the vaccine than construction workers (‎reference group)‎. Older (‎≥ 56 years, reference group ≤ 25 years)‎ workers were 2.23 (‎95% CI: 0.99-5.03)‎ times, auto repair 6.75 (‎95% CI: 4.33-10.53)‎ times, and restaurant workers 4.04 (‎95% CI: 2.61-6.25)‎ times more likely to experience a reduction in income than construction workers. Conclusions: Workers from South Asia were more likely to accept the COVID-19 vaccine and less likely to experience an income reduction than those from the Middle East.
=653  \\$aCOVID-19
=653  \\$aEpidemiology
=653  \\$aMiddle East
=653  \\$aSaudi Arabia
=653  \\$abetacoronavirus
=653  \\$acairo
=653  \\$acoronavirus disease (‎covid-19)‎
=653  \\$acovid-19
=653  \\$acovid-19 vaccines
=653  \\$adisease outbreaks
=653  \\$aepidemiology
=653  \\$amiddle east
=653  \\$aprevention & control
=653  \\$asaudi arabia
=653  \\$atransients and migrants
=700  1\$aSyed Badar.
=710  2\$aWorld Health Organization.
=856  4\$uhttps://policycommons.net/artifacts/4305852/covid-19-vaccine-acceptance-and-covid-19-induced-income-disruption-among-migrant-workers-in-saudi-arabia/5116026/$yWorld Health Organization document$ahttps://policycommons.net/
=859  \\$aORR$bWorld Health Organization
=884  \\$aLDL ebooks tsv to marcxml transformation using XSLTtest.xsl$g20230811$qUk
=CAT  \\$aBATCH-IGO$b00$c20230822$lBLL01$h1133
=CAT  \\$aBATCH-UPD$b00$c20230822$lBLL01$h1137
=FIN  \\$aY$d20230822
=SRC  \\$aCoherent Digital WHO$bwhoJuly23.mrc
=LAS  \\$aBATCH-UPD$b00$c20230822$lBLL01$h1137

