=LDR  01759nam a22004333i 4500
=001  021183444
=003  Uk
=005  20230822113340.0
=006  m\\\\||\\d\|\\\\\\
=007  cr\|||||||||||
=008  230811s2023\\\\sz\|||||o\\\\||||\||eng\\
=FMT  \\$a  BK
=037  \\$bWHO
=040  \\$aVaAlCD$beng$cVaAlCD$dUk
=041  \\$aeng
=245  00$aWhat steps can improve and promote investment in the health and care workforce? Enhancing efficiency of spending and rethinking domestic and international financing /$cWorld Health Organization.
=264  \1$a[Switzerland] :$bWorld Health Organization,$c2023.
=300  \\$a1 online resource.
=336  \\$atext$2rdacontent
=337  \\$acomputer$2rdamedia
=338  \\$aonline resource$2rdacarrier
=520  3\$a40 p.
=653  \\$aHealth Policy
=653  \\$acopenhagen
=653  \\$ahealth planning
=653  \\$ahealth policy
=653  \\$ahealth systems plans
=653  \\$aintersectoral collaboration
=653  \\$apersonnel staffing and scheduling
=710  2\$aWorld Health Organization.
=720  \\$aWorld Health Organization
=856  4\$uhttps://policycommons.net/artifacts/3529320/what-steps-can-improve-and-promote-investment-in-the-health-and-care-workforce-enhancing-efficiency-of-spending-and-rethinking-domestic-and-international-financing/4330186/$yWorld Health Organization document$ahttps://policycommons.net/
=859  \\$aORR$bWorld Health Organization
=884  \\$aLDL ebooks tsv to marcxml transformation using XSLTtest.xsl$g20230811$qUk
=CAT  \\$aBATCH-IGO$b00$c20230822$lBLL01$h1133
=CAT  \\$aBATCH-UPD$b00$c20230822$lBLL01$h1137
=FIN  \\$aY$d20230822
=SRC  \\$aCoherent Digital WHO$bwhoJuly23.mrc
=LAS  \\$aBATCH-UPD$b00$c20230822$lBLL01$h1137

