=LDR  01953nam a22004333i 4500
=001  021183448
=003  Uk
=005  20230822113340.0
=006  m\\\\||\\d\|\\\\\\
=007  cr\|||||||||||
=008  230811s2023\\\\sz\|||||o\\\\||||\||eng\\
=FMT  \\$a  BK
=037  \\$bWHO
=040  \\$aVaAlCD$beng$cVaAlCD$dUk
=041  \\$aeng
=245  00$aItaly: health system summary, 2022 /$cEuropean Observatory on Health Systems and Policies.
=264  \1$a[Switzerland] :$bWorld Health Organization,$c2023.
=300  \\$a1 online resource.
=336  \\$atext$2rdacontent
=337  \\$acomputer$2rdamedia
=338  \\$aonline resource$2rdacarrier
=520  3\$aThis Health system summary is based on the Italy: Health System Review published in 2022 in the Health Systems in Transition (‎HiT)‎ series. Health system summaries use a concise format to communicate central features of country health systems and analyse available evidence on the organization, financing and delivery of health care. They also provide insights into key reforms and the varied challenges testing the performance of the health system.
=653  \\$aGermany
=653  \\$acopenhagen
=653  \\$adelivery of health care
=653  \\$aevaluation studies as topic
=653  \\$agermany
=653  \\$ahealth care reform
=653  \\$ahealth systems plans
=710  2\$aWorld Health Organization.
=720  \\$aEuropean Observatory on Health Systems and Policies
=856  4\$uhttps://policycommons.net/artifacts/3449040/italy/4249243/$yWorld Health Organization document$ahttps://policycommons.net/
=859  \\$aORR$bWorld Health Organization
=884  \\$aLDL ebooks tsv to marcxml transformation using XSLTtest.xsl$g20230811$qUk
=CAT  \\$aBATCH-IGO$b00$c20230822$lBLL01$h1133
=CAT  \\$aBATCH-UPD$b00$c20230822$lBLL01$h1137
=FIN  \\$aY$d20230822
=SRC  \\$aCoherent Digital WHO$bwhoJuly23.mrc
=LAS  \\$aBATCH-UPD$b00$c20230822$lBLL01$h1137

