=LDR  02345nam a22004333i 4500
=001  021183451
=003  Uk
=005  20230822113340.0
=006  m\\\\||\\d\|\\\\\\
=007  cr\|||||||||||
=008  230811s2023\\\\sz\|||||o\\\\||||\||eng\\
=FMT  \\$a  BK
=037  \\$bWHO
=040  \\$aVaAlCD$beng$cVaAlCD$dUk
=041  \\$aeng
=245  00$aTechnical support mission to Ukraine on disability, rehabilitation and assistive technology /$cWorld Health Organization. Regional Office for Europe.
=264  \1$a[Switzerland] :$bWorld Health Organization,$c2023.
=300  \\$a1 online resource.
=336  \\$atext$2rdacontent
=337  \\$acomputer$2rdamedia
=338  \\$aonline resource$2rdacarrier
=520  3\$aSince the large-scale invasion of Ukraine by the Russian Federation, which began in February 2022, the need for rehabilitation and assistive technology has arguably never been greater, while WHO has a duty to protect the most vulnerable, including persons with disabilities. As WHO has been supporting Ukraine in development of its rehabilitation services for a number of years, it was able to respond immediately. A technical mission was undertaken in July 2022 to assess the situation and requirements for rehabilitation and assistive technology, including for people with disabilities. This report summarizes the findings and action points from the mission to contribute to and support a collaborative, effective, inclusive response.
=653  \\$aTechnology
=653  \\$aUkraine
=653  \\$acopenhagen
=653  \\$adisability studies
=653  \\$arehabilitation
=653  \\$atechnology
=653  \\$aukraine
=710  2\$aWorld Health Organization.
=720  \\$aWorld Health Organization. Regional Office for Europe
=856  4\$uhttps://policycommons.net/artifacts/3457068/technical-support-mission-to-ukraine-on-disability-rehabilitation-and-assistive-technology/4257523/$yWorld Health Organization document$ahttps://policycommons.net/
=859  \\$aORR$bWorld Health Organization
=884  \\$aLDL ebooks tsv to marcxml transformation using XSLTtest.xsl$g20230811$qUk
=CAT  \\$aBATCH-IGO$b00$c20230822$lBLL01$h1133
=CAT  \\$aBATCH-UPD$b00$c20230822$lBLL01$h1137
=FIN  \\$aY$d20230822
=SRC  \\$aCoherent Digital WHO$bwhoJuly23.mrc
=LAS  \\$aBATCH-UPD$b00$c20230822$lBLL01$h1137

