=LDR  03541nam a22004813i 4500
=001  021183456
=003  Uk
=005  20230822113340.0
=006  m\\\\||\\d\|\\\\\\
=007  cr\|||||||||||
=008  230811s2023\\\\sz\|||||o\\\\||||\||eng\\
=FMT  \\$a  BK
=037  \\$bWHO
=040  \\$aVaAlCD$beng$cVaAlCD$dUk
=041  \\$aeng
=245  00$aBarriers to childhood vaccination in urban slums of Pakistan /$cAmeer Muhammad.
=264  \1$a[Switzerland] :$bWorld Health Organization,$c2023.
=300  \\$a1 online resource.
=336  \\$atext$2rdacontent
=337  \\$acomputer$2rdamedia
=338  \\$aonline resource$2rdacarrier
=520  3\$aBackground: The urban slums of Pakistan continue to record low childhood vaccination coverage. It is therefore vital to understand the demand-side barriers to childhood vaccination in the slums to determine the required demand-generation interventions. Aims: To document the demand-side barriers related to childhood vaccination in urban slums of Pakistan and recommend appropriate demand-generation interventions. Methods: We investigated the demand-side barriers to childhood vaccination in 4 urban slums of Karachi, Pakistan, and disseminated the findings to the Expanded Program on Immunization and their partners. Using the findings, we made recommendations for collaborations with the various partners and for the design of demand-generation interventions to address the barriers. We then expanded the scope of the original research through a mapping exercise that gathered information on the vaccination-related research and interventions of the partners and used the information gathered to create a portfolio of activities. We present the demand-side barriers from the original research and the portfolio of demand-generation interventions. Results: The original research showed that 412 (‎49.0%)‎ children aged 12-23 months, from 840 households, were fully vaccinated. Reasons given for not receiving the recommended vaccinations were mainly related to the fear of side effects, social and religious influences, lack of awareness, and misconceptions about vaccine administration. The mapping of activities revealed 47 initiatives that aimed to generate demand for childhood vaccination in the urban slums of Pakistan. Conclusion: Several stakeholders involved in childhood vaccination in the urban slums of Pakistan act independently, operating programmes that are disconnected. There is a need for better coordination and integration of the childhood vaccination interventions by these partners to achieve the goal of universal vaccination coverage.
=653  \\$aChild Health
=653  \\$aPakistan
=653  \\$aVaccination
=653  \\$aaltruism
=653  \\$abiomedical research
=653  \\$acairo
=653  \\$achild
=653  \\$achild health
=653  \\$apakistan
=653  \\$apoverty areas
=653  \\$avaccination
=700  1\$aAmeer Muhammad.
=710  2\$aWorld Health Organization.
=856  4\$uhttps://policycommons.net/artifacts/4305849/barriers-to-childhood-vaccination-in-urban-slums-of-pakistan/5116015/$yWorld Health Organization document$ahttps://policycommons.net/
=859  \\$aORR$bWorld Health Organization
=884  \\$aLDL ebooks tsv to marcxml transformation using XSLTtest.xsl$g20230811$qUk
=CAT  \\$aBATCH-IGO$b00$c20230822$lBLL01$h1133
=CAT  \\$aBATCH-UPD$b00$c20230822$lBLL01$h1137
=FIN  \\$aY$d20230822
=SRC  \\$aCoherent Digital WHO$bwhoJuly23.mrc
=LAS  \\$aBATCH-UPD$b00$c20230822$lBLL01$h1137

