=LDR  02856nam a22004333i 4500
=001  021183460
=003  Uk
=005  20230822113340.0
=006  m\\\\||\\d\|\\\\\\
=007  cr\|||||||||||
=008  230811s2023\\\\sz\|||||o\\\\||||\||eng\\
=FMT  \\$a  BK
=037  \\$bWHO
=040  \\$aVaAlCD$beng$cVaAlCD$dUk
=041  \\$aeng
=245  00$aMedia and online platforms meeting on misinformation related to noncommunicable diseases and risk factors: 5 February 2021, online event /$cWorld Health Organization. Regional Office for Europe.
=264  \1$a[Switzerland] :$bWorld Health Organization,$c2023.
=300  \\$a1 online resource.
=336  \\$atext$2rdacontent
=337  \\$acomputer$2rdamedia
=338  \\$aonline resource$2rdacarrier
=520  3\$aDisinformation and so-called fake news are a growing concern, as more and more individuals obtain their information from digital venues such as search engines or social media platforms. While generally increased access to a wider range of information on health issues can be seen as positive, the spread of misinformation - or more acutely, of disinformation - is problematic, as inaccurate information can lead to consequences such as harmful lifestyle or dietary choices, self-medication, the abandonment of medical treatment or incorrect diagnoses. In February 2021, WHO convened a meeting with media stakeholders in an effort to collect more information on misinformation concerning NCDs and to develop a catalogue of policy initiatives, building on the first NCD misinformation meeting that was held in February 2020 with civil society representatives. A third and final meeting was held with WHO European Region Member States. The expected outcome of these meetings is the development of a new toolkit of policy recommendations that can be used by Member States and other stakeholders to tackle the negative impacts of NCD misinformation.
=653  \\$aHealth Policy
=653  \\$acopenhagen
=653  \\$adigital technology
=653  \\$ahealth policy
=653  \\$ainformation dissemination
=653  \\$anoncommunicable diseases
=653  \\$arisk factors
=710  2\$aWorld Health Organization.
=720  \\$aWorld Health Organization. Regional Office for Europe
=856  4\$uhttps://policycommons.net/artifacts/3524342/media-and-online-platforms-meeting-on-misinformation-related-to-noncommunicable-diseases-and-risk-factors/4324998/$yWorld Health Organization document$ahttps://policycommons.net/
=859  \\$aORR$bWorld Health Organization
=884  \\$aLDL ebooks tsv to marcxml transformation using XSLTtest.xsl$g20230811$qUk
=CAT  \\$aBATCH-IGO$b00$c20230822$lBLL01$h1133
=CAT  \\$aBATCH-UPD$b00$c20230822$lBLL01$h1137
=FIN  \\$aY$d20230822
=SRC  \\$aCoherent Digital WHO$bwhoJuly23.mrc
=LAS  \\$aBATCH-UPD$b00$c20230822$lBLL01$h1137

