=LDR  02683nam a22003973i 4500
=001  021183461
=003  Uk
=005  20230822113340.0
=006  m\\\\||\\d\|\\\\\\
=007  cr\|||||||||||
=008  230811s2023\\\\sz\|||||o\\\\||||\||eng\\
=FMT  \\$a  BK
=037  \\$bWHO
=040  \\$aVaAlCD$beng$cVaAlCD$dUk
=041  \\$aeng
=245  00$aMember States consultation on mis- and disinformation in the context of noncommunicable diseases and risk factors: 1 September 2021, online event /$cWorld Health Organization. Regional Office for Europe.
=264  \1$a[Switzerland] :$bWorld Health Organization,$c2023.
=300  \\$a1 online resource.
=336  \\$atext$2rdacontent
=337  \\$acomputer$2rdamedia
=338  \\$aonline resource$2rdacarrier
=520  3\$aIn February 2020, WHO warned that the COVID-19 pandemic had been followed by an equally dangerous so-called infodemic: an overabundance of information, not all of it accurate, that makes it hard for people to find trustworthy sources and reliable guidance when they need it.This infodemic has severe consequences for human health and is part of a bigger trend of health misinformation. Recognizing the gap around NCD disinformation, WHO has convened a series of meetings to define the problem, garner real-world examples of policies and strategies being used around theWHO European Region and develop a toolkit to support Member States. Meetings with civil society and industry representatives were held on 9 December 2020 and 5 February 2021, respectively. On 1 September 2021, Dr Carina Ferreira-Borges welcomed representatives from 29 different countries to the final meeting, where representatives were invited to share examples of domestic strategies that can be used to tackle NCD disinformation, building on recent experiences with COVID-19.
=653  \\$acopenhagen
=653  \\$adigital technology
=653  \\$ainformation dissemination
=653  \\$anoncommunicable diseases
=710  2\$aWorld Health Organization.
=720  \\$aWorld Health Organization. Regional Office for Europe
=856  4\$uhttps://policycommons.net/artifacts/3524052/member-states-consultation-on-mis-and-disinformation-in-the-context-of-noncommunicable-diseases-and-risk-factors/4324716/$yWorld Health Organization document$ahttps://policycommons.net/
=859  \\$aORR$bWorld Health Organization
=884  \\$aLDL ebooks tsv to marcxml transformation using XSLTtest.xsl$g20230811$qUk
=CAT  \\$aBATCH-IGO$b00$c20230822$lBLL01$h1133
=CAT  \\$aBATCH-UPD$b00$c20230822$lBLL01$h1137
=FIN  \\$aY$d20230822
=SRC  \\$aCoherent Digital WHO$bwhoJuly23.mrc
=LAS  \\$aBATCH-UPD$b00$c20230822$lBLL01$h1137

