=LDR  03172nam a22004333i 4500
=001  021183466
=003  Uk
=005  20230822113340.0
=006  m\\\\||\\d\|\\\\\\
=007  cr\|||||||||||
=008  230811s2023\\\\sz\|||||o\\\\||||\||eng\\
=FMT  \\$a  BK
=037  \\$bWHO
=040  \\$aVaAlCD$beng$cVaAlCD$dUk
=041  \\$aeng
=245  00$aStatus report on prison health in the WHO European Region 2022 /$cWorld Health Organization. Regional Office for Europe.
=264  \1$a[Switzerland] :$bWorld Health Organization,$c2023.
=300  \\$a1 online resource.
=336  \\$atext$2rdacontent
=337  \\$acomputer$2rdamedia
=338  \\$aonline resource$2rdacarrier
=520  3\$aThis report provides an overview of the performance of prison health systems in the WHO European Region. It contains 2020 data obtained through a survey collected from 36 countries, where a total of 613 497 people were deprived of their liberty. In most of these countries, responsibility for delivering prison health care was shared between the Ministry of Health and the Ministry of Justice/the Interior. Preventive services, such as vaccines, were universally offered for COVID-19 in all Member States, even though deficiencies still persisted in access to vaccination for other diseases such as hepatitis B. The response implemented for COVID-19 was good, except when people were transitioning into the community. Continuity of care was an area needing investment, with only around half of Member States ensuring access to community health services. The most prevalent condition was mental health disorders, but the ratio of psychiatrists to people in prison did not ensure equity of care and access to treatment was suboptimal. Harm minimization focused mostly on access to drug use treatment and less on safe injecting or tattooing practices. Access to hepatitis C (‎HCV)‎ treatment was not on track to achieve HCV elimination and needs urgent attention. The most common cause of death in prisons was suicide, followed by COVID-19 and drug overdose. Overcrowding was reported in 20% of Member States. Even though Member States are improving their capacity to provide disaggregated data, further investment is needed to increase capacity to provide morbidity and health behaviour data.
=653  \\$aPrisons
=653  \\$acopenhagen
=653  \\$adelivery of health care
=653  \\$ahealth information systems
=653  \\$ahealth status
=653  \\$ahealth workforce
=653  \\$aprisons
=710  2\$aWorld Health Organization.
=720  \\$aWorld Health Organization. Regional Office for Europe
=856  4\$uhttps://policycommons.net/artifacts/3447725/status-report-on-prison-health-in-the-who-european-region-2022/4247893/$yWorld Health Organization document$ahttps://policycommons.net/
=859  \\$aORR$bWorld Health Organization
=884  \\$aLDL ebooks tsv to marcxml transformation using XSLTtest.xsl$g20230811$qUk
=CAT  \\$aBATCH-IGO$b00$c20230822$lBLL01$h1133
=CAT  \\$aBATCH-UPD$b00$c20230822$lBLL01$h1137
=FIN  \\$aY$d20230822
=SRC  \\$aCoherent Digital WHO$bwhoJuly23.mrc
=LAS  \\$aBATCH-UPD$b00$c20230822$lBLL01$h1137

