=LDR  03305nam a22004573i 4500
=001  021183469
=003  Uk
=005  20230822113341.0
=006  m\\\\||\\d\|\\\\\\
=007  cr\|||||||||||
=008  230811s2023\\\\sz\|||||o\\\\||||\||eng\\
=FMT  \\$a  BK
=037  \\$bWHO
=040  \\$aVaAlCD$beng$cVaAlCD$dUk
=041  \\$aeng
=245  00$aRisk communication of ambient air pollution in the WHO European Region: review of air quality indexes and lessons learned /$cKevin Cromar.
=264  \1$a[Switzerland] :$bWorld Health Organization,$c2023.
=300  \\$a1 online resource.
=336  \\$atext$2rdacontent
=337  \\$acomputer$2rdamedia
=338  \\$aonline resource$2rdacarrier
=520  3\$aThis report provides an overview of air quality indexes used in 37 Member States of the WHO European Region and some observations/suggestions for future developments to improve risk communication on air pollution. In the Region, air quality information is widely available to the public, both online and through official mobile apps. Forecasted air pollution information is often reported alongside near real-time air pollution monitoring data. Most countries use a national Air Quality Index instead of a uniform index, such as that provided by the European Environment Agency, and some use several different indexes. A wide range of approaches are used to calculate index values, but the general structure of indexes is similar. Many indexes lack rigorous validation to ensure that index values correspond to population-level health risks. Quality of the accompanying health messaging varies widely, but good examples were found throughout the Region. The best examples provide information on the affected subpopulations, describe likely symptoms and make specific recommendations to reduce exposures and health risks. Given the wide range of pollutant concentrations, mixtures and risk preferences observed, it is critical to provide tailored health messaging to accompany index levels. In addition to health-based validation studies, research should focus on understanding how the public uses air quality indexes (‎including special alerts)‎: how many people are aware of the index, whether they consult it regularly, whether they modify behaviour in response to the information, and what specific actions they take in response to index values and associated health messages.
=653  \\$aAir Pollutants
=653  \\$aAir Pollution
=653  \\$aEurope
=653  \\$aair pollutants
=653  \\$aair pollution
=653  \\$acopenhagen
=653  \\$aenvironment and public health
=653  \\$aeurope
=653  \\$ahealth communication
=700  1\$aCromar, Kevin.
=710  2\$aWorld Health Organization.
=856  4\$uhttps://policycommons.net/artifacts/3442574/risk-communication-of-ambient-air-pollution-in-the-who-european-region/4242561/$yWorld Health Organization document$ahttps://policycommons.net/
=859  \\$aORR$bWorld Health Organization
=884  \\$aLDL ebooks tsv to marcxml transformation using XSLTtest.xsl$g20230811$qUk
=CAT  \\$aBATCH-IGO$b00$c20230822$lBLL01$h1133
=CAT  \\$aBATCH-UPD$b00$c20230822$lBLL01$h1137
=FIN  \\$aY$d20230822
=SRC  \\$aCoherent Digital WHO$bwhoJuly23.mrc
=LAS  \\$aBATCH-UPD$b00$c20230822$lBLL01$h1137

