=LDR  01609nam a22003853i 4500
=001  021183474
=003  Uk
=005  20230822113341.0
=006  m\\\\||\\d\|\\\\\\
=007  cr\|||||||||||
=008  230811s2023\\\\sz\|||||o\\\\||||\||eng\\
=FMT  \\$a  BK
=037  \\$bWHO
=040  \\$aVaAlCD$beng$cVaAlCD$dUk
=041  \\$aeng
=245  00$aAzerbaijan and Tajikistan certified as malaria-free by WHO-L'Azerbaïdjan et le Tadjikistan certifiés exempts de paludisme par l'OMS /$cWorld Health Organization = Organisation mondiale de la Santé.
=264  \1$a[Switzerland] :$bWorld Health Organization,$c2023.
=300  \\$a1 online resource.
=336  \\$atext$2rdacontent
=337  \\$acomputer$2rdamedia
=338  \\$aonline resource$2rdacarrier
=520  3\$a5:00 PM.
=653  \\$aMalaria
=653  \\$ageneva = genève
=653  \\$amalaria
=710  2\$aWorld Health Organization.
=720  \\$aWorld Health Organization = Organisation mondiale de la Santé
=856  4\$uhttps://policycommons.net/artifacts/3867640/azerbaijan-and-tajikistan-certified-as-malaria-free-by-who-lazerbaidjan-et-le-tadjikistan-certifies-exempts-de-paludisme-par-loms/4673891/$yWorld Health Organization document$ahttps://policycommons.net/
=859  \\$aORR$bWorld Health Organization
=884  \\$aLDL ebooks tsv to marcxml transformation using XSLTtest.xsl$g20230811$qUk
=CAT  \\$aBATCH-IGO$b00$c20230822$lBLL01$h1133
=CAT  \\$aBATCH-UPD$b00$c20230822$lBLL01$h1137
=FIN  \\$aY$d20230822
=SRC  \\$aCoherent Digital WHO$bwhoJuly23.mrc
=LAS  \\$aBATCH-UPD$b00$c20230822$lBLL01$h1137

