=LDR  01742nam a22004813i 4500
=001  021183478
=003  Uk
=005  20230822113341.0
=006  m\\\\||\\d\|\\\\\\
=007  cr\|||||||||||
=008  230811s2023\\\\sz\|||||o\\\\||||\||eng\\
=FMT  \\$a  BK
=037  \\$bWHO
=040  \\$aVaAlCD$beng$cVaAlCD$dUk
=041  \\$aeng
=245  00$aCommitting to implementation of the Global Strategy for Women's, Children's and Adolescents' Health (‎2016-2030)‎: technical report /$cWorld Health Organization.
=264  \1$a[Switzerland] :$bWorld Health Organization,$c2023.
=300  \\$a1 online resource.
=336  \\$atext$2rdacontent
=337  \\$acomputer$2rdamedia
=338  \\$aonline resource$2rdacarrier
=520  3\$a31 p.
=653  \\$aChild Health
=653  \\$aWomen's Health
=653  \\$aYouth Health
=653  \\$aadolescent health
=653  \\$achild health
=653  \\$ageneva
=653  \\$ahealth planning
=653  \\$ainfant welfare
=653  \\$amortality
=653  \\$atrends
=653  \\$awomen's health
=710  2\$aWorld Health Organization.
=720  \\$aWorld Health Organization
=856  4\$uhttps://policycommons.net/artifacts/3681550/committing-to-implementation-of-the-global-strategy-for-womens-childrens-and-adolescents-health-2016-2030/4487433/$yWorld Health Organization document$ahttps://policycommons.net/
=859  \\$aORR$bWorld Health Organization
=884  \\$aLDL ebooks tsv to marcxml transformation using XSLTtest.xsl$g20230811$qUk
=CAT  \\$aBATCH-IGO$b00$c20230822$lBLL01$h1133
=CAT  \\$aBATCH-UPD$b00$c20230822$lBLL01$h1137
=FIN  \\$aY$d20230822
=SRC  \\$aCoherent Digital WHO$bwhoJuly23.mrc
=LAS  \\$aBATCH-UPD$b00$c20230822$lBLL01$h1137

