=LDR  02686nam a22004693i 4500
=001  021183479
=003  Uk
=005  20230822113341.0
=006  m\\\\||\\d\|\\\\\\
=007  cr\|||||||||||
=008  230811s2023\\\\sz\|||||o\\\\||||\||eng\\
=FMT  \\$a  BK
=037  \\$bWHO
=040  \\$aVaAlCD$beng$cVaAlCD$dUk
=041  \\$aeng
=245  00$aHealth needs assessment of the adult population in Ukraine: survey report September 2022 /$cWorld Health Organization. Regional Office for Europe.
=264  \1$a[Switzerland] :$bWorld Health Organization,$c2023.
=300  \\$a1 online resource.
=336  \\$atext$2rdacontent
=337  \\$acomputer$2rdamedia
=338  \\$aonline resource$2rdacarrier
=520  3\$aThe full-scale invasion of Ukraine has caused a deterioration in the level of access to health-care services and medicines in the country, particularly for people living in regions close to the front line and areas that are not partially or fully controlled by the Government of Ukraine, and for people who have been internally displaced. Cost and time constraints involved in getting to and from health facilities, as well as limited transportation options were the main barriers to accessing essential health-care services. At the same time, the findings show that the country's health system remains resilient and that overall access to health services is fairly high.This report is based on data collected through a quantitative cross-sectional survey of self-reported health needs of the general population in Ukraine. It presents results of the first round survey conducted in September 2022 and could help to address the specific health-care needs of the population groups concerned.
=653  \\$aEurope
=653  \\$aHealth Services
=653  \\$aUkraine
=653  \\$acopenhagen
=653  \\$aeurope
=653  \\$ahealth care quality, access, and evaluation
=653  \\$ahealth services
=653  \\$asurveys and questionnaires
=653  \\$aukraine
=653  \\$awar exposure
=710  2\$aWorld Health Organization.
=720  \\$aWorld Health Organization. Regional Office for Europe
=856  4\$uhttps://policycommons.net/artifacts/3366318/health-needs-assessment-of-the-adult-population-in-ukraine/4164983/$yWorld Health Organization document$ahttps://policycommons.net/
=859  \\$aORR$bWorld Health Organization
=884  \\$aLDL ebooks tsv to marcxml transformation using XSLTtest.xsl$g20230811$qUk
=CAT  \\$aBATCH-IGO$b00$c20230822$lBLL01$h1133
=CAT  \\$aBATCH-UPD$b00$c20230822$lBLL01$h1137
=FIN  \\$aY$d20230822
=SRC  \\$aCoherent Digital WHO$bwhoJuly23.mrc
=LAS  \\$aBATCH-UPD$b00$c20230822$lBLL01$h1137

