=LDR  02356nam a22004093i 4500
=001  021183480
=003  Uk
=005  20230822113341.0
=006  m\\\\||\\d\|\\\\\\
=007  cr\|||||||||||
=008  230811s2023\\\\sz\|||||o\\\\||||\||eng\\
=FMT  \\$a  BK
=037  \\$bWHO
=040  \\$aVaAlCD$beng$cVaAlCD$dUk
=041  \\$aeng
=245  00$aReview of antibiotics in National Medicines Selection Lists in eastern Europe and central Asia /$cWorld Health Organization. Regional Office for Europe.
=264  \1$a[Switzerland] :$bWorld Health Organization,$c2023.
=300  \\$a1 online resource.
=336  \\$atext$2rdacontent
=337  \\$acomputer$2rdamedia
=338  \\$aonline resource$2rdacarrier
=520  3\$aThis report presents results of a review of antibiotics contained in national medicines selection lists of 18 non-European Union Member States in the WHO European Region. The review compared antibiotics in national medicines selection lists used in WHO European Region countries in eastern Europe and central Asia, with the 2019 WHO Model List of Essential Medicines for adults, and with the WHO Access, Watch and Reserve classification. The review also examined how antibiotic inclusion in lists correlated with measured consumption rates. Through the activities of the WHO Europe Antimicrobial Medicines Consumption Network, the WHO Regional Office for Europe and its partners remain committed to supporting Member States to improve their use of antibiotics.
=653  \\$aanti-bacterial agents
=653  \\$aantibiotic prophylaxis
=653  \\$aanti-infective agents
=653  \\$acopenhagen
=653  \\$adrugs, essential
=710  2\$aWorld Health Organization.
=720  \\$aWorld Health Organization. Regional Office for Europe
=856  4\$uhttps://policycommons.net/artifacts/3447167/review-of-antibiotics-in-national-medicines-selection-lists-in-eastern-europe-and-central-asia/4247350/$yWorld Health Organization document$ahttps://policycommons.net/
=859  \\$aORR$bWorld Health Organization
=884  \\$aLDL ebooks tsv to marcxml transformation using XSLTtest.xsl$g20230811$qUk
=CAT  \\$aBATCH-IGO$b00$c20230822$lBLL01$h1133
=CAT  \\$aBATCH-UPD$b00$c20230822$lBLL01$h1137
=FIN  \\$aY$d20230822
=SRC  \\$aCoherent Digital WHO$bwhoJuly23.mrc
=LAS  \\$aBATCH-UPD$b00$c20230822$lBLL01$h1137

