=LDR  03896nam a22006733i 4500
=001  021183489
=003  Uk
=005  20230822113341.0
=006  m\\\\||\\d\|\\\\\\
=007  cr\|||||||||||
=008  230811s2023\\\\sz\|||||o\\\\||||\||eng\\
=FMT  \\$a  BK
=037  \\$bWHO
=040  \\$aVaAlCD$beng$cVaAlCD$dUk
=041  \\$aeng
=245  00$aObservational cohort study of the clinical outcomes associated with B.1.1.7/SGTF among hospitalized COVID-19 patients in Lebanon /$cFatima Dakroub.
=264  \1$a[Switzerland] :$bWorld Health Organization,$c2023.
=300  \\$a1 online resource.
=336  \\$atext$2rdacontent
=337  \\$acomputer$2rdamedia
=338  \\$aonline resource$2rdacarrier
=520  3\$aBackground: The B.1.1.7 SARS-CoV-2 variant results in spike gene target failure (‎SGTF)‎ in reverse transcription-quantitative polymerase chain reaction (‎RT-PCR)‎ assays. Few studies have been published on the clinical impact of B.1.1.7/SGTF. Aims: To assess the incidence of B.1.1.7/SGTF and its associated clinical characteristics among hospitalized COVID-19 patients. Methods: This observational, single-centre, cohort study was conducted between December 2020 and February 2021 and included 387 hospitalized COVID-19 patients. The Kaplan-Meier method was used for survival analysis, and logistic regression to identify risk factors associated with B.1.1.7/SGTF. Results: By February 2021, B.1.1.7/SGTF (‎88%)‎ dominated the SARS-CoV-2 PCR results in a Lebanese hospital. Of the 387 eligible COVID-19 patients confirmed by SARS-CoV-2 RT-PCR, 154 (‎40%)‎ were non-SGTF and 233 (‎60%)‎ were B.1.1.1.7/SGTF.
=520  3\$athis was associated with a higher mortality rate among female patients [‎22/51 (‎43%)‎ vs 7/37 (‎19%)‎.
=520  3\$aP = 0.0170]‎. Among patients in the B.1.1.7/SGTF group, most were aged ≥ 65 years [‎162/233 (‎70%)‎ vs 74/154 (‎48%)‎.
=520  3\$aP &lt.
=520  3\$a0.0001]‎. Independent predictors of B.1.1.7/SGTF infection were hypertension (‎OR = 0.415.
=520  3\$aCI: 0.242-0.711.
=520  3\$aP = 0.0010)‎, age ≥ 65 years (‎OR = 0.379.
=520  3\$aCI: 0.231-0.622.
=520  3\$a0.0001)‎, smoking (‎OR = 1.698.
=520  3\$aCI: 1.023-2.819.
=520  3\$aP = 0.0410)‎, and cardiovascular disease (‎OR = 3.812.
=520  3\$aCI: 2.215-6.389.
=520  3\$a0.0001)‎. Only non-SGTF patients experienced multi-organ failure [‎5/154 (‎4%)‎ vs 0/233 (‎0%)‎.
=520  3\$aP = 0.0096]‎. Conclusion: There was a clear difference between the clinical features associated with B.1.1.7/SGTF and non-SGTF lineages. Tracking viral evolution and its clinical impact is crucial for proper understanding and management of the COVID-19 pandemic.
=653  \\$aCOVID-19
=653  \\$aEpidemics
=653  \\$aEpidemiology
=653  \\$aLebanon
=653  \\$abetacoronavirus
=653  \\$acairo
=653  \\$acohort studies
=653  \\$acoronavirus disease (‎covid-19)‎
=653  \\$acovid-19
=653  \\$adisease outbreaks
=653  \\$aepidemiology
=653  \\$alebanon
=653  \\$apandemics
=653  \\$asars-cov-2
=700  1\$aFatima Dakroub.
=710  2\$aWorld Health Organization.
=856  4\$uhttps://policycommons.net/artifacts/3936839/observational-cohort-study-of-the-clinical-outcomes-associated-with-b117sgtf-among-hospitalized-covid-19-patients-in-lebanon/4744266/$yWorld Health Organization document$ahttps://policycommons.net/
=859  \\$aORR$bWorld Health Organization
=884  \\$aLDL ebooks tsv to marcxml transformation using XSLTtest.xsl$g20230811$qUk
=CAT  \\$aBATCH-IGO$b00$c20230822$lBLL01$h1133
=CAT  \\$aBATCH-UPD$b00$c20230822$lBLL01$h1137
=FIN  \\$aY$d20230822
=SRC  \\$aCoherent Digital WHO$bwhoJuly23.mrc
=LAS  \\$aBATCH-UPD$b00$c20230822$lBLL01$h1137

