=LDR  03203nam a22004213i 4500
=001  021183492
=003  Uk
=005  20230822113341.0
=006  m\\\\||\\d\|\\\\\\
=007  cr\|||||||||||
=008  230811s2023\\\\sz\|||||o\\\\||||\||eng\\
=FMT  \\$a  BK
=037  \\$bWHO
=040  \\$aVaAlCD$beng$cVaAlCD$dUk
=041  \\$aeng
=245  04$aThe need to sustain funding for Afghanistan health system to prevent excess morbidity and mortality /$cNajibullah Safi.
=264  \1$a[Switzerland] :$bWorld Health Organization,$c2023.
=300  \\$a1 online resource.
=336  \\$atext$2rdacontent
=337  \\$acomputer$2rdamedia
=338  \\$aonline resource$2rdacarrier
=520  3\$aBackground: The Afghanistan Reconstruction Trust Fund, managed by the World Bank through a contracted-out instrument called Sehatmandi, financed health service delivery in Afghanistan, with substantial achievements in infant, child and maternal health. After the collapse of the Afghan Government on 15 August 2021, the health system has been on the brink of collapse. Aims: We assessed the use of basic health services and estimated excess mortality resulting from the interruption to healthcare funding. Methods: We conducted a cross-sectional study that compared health services utilization from June to September for 3 consecutive years, 2019, 2020 and 2021, using 11 output indicators reported by the health management and information system. We used the Lives Saved Tool, a linear mathematical model with input data from the Afghanistan Demographic Health Survey 2015, to calculate the additional maternal, neonatal and child mortality at 25%, 50%, 75% and 95% reduction in health coverage. Results: During August and September 2021, after the announced ban on financing, health service utilization decreased to a range of 7-59%. Family planning, major surgeries and postnatal care showed the greatest decreases. Uptake of child immunization showed one-third decrease. Sehatmandi provides around 75% of primary and secondary health services: pausing funds to this programme will result in additional 2862 maternal deaths, 15 741 neonatal deaths, 30 519 child deaths, and 4057 stillbirths. Conclusion: Sustaining the current level of health services delivery is crucial to avoid excess, preventable morbidity and mortality in Afghanistan.
=653  \\$aAfghanistan
=653  \\$aafghanistan
=653  \\$acairo
=653  \\$achild mortality
=653  \\$agovernment programs
=653  \\$amaternal, reproductive and child health
=700  1\$aNajibullah Safi.
=710  2\$aWorld Health Organization.
=856  4\$uhttps://policycommons.net/artifacts/3524524/the-need-to-sustain-funding-for-afghanistan-health-system-to-prevent-excess-morbidity-and-mortality/4325181/$yWorld Health Organization document$ahttps://policycommons.net/
=859  \\$aORR$bWorld Health Organization
=884  \\$aLDL ebooks tsv to marcxml transformation using XSLTtest.xsl$g20230811$qUk
=CAT  \\$aBATCH-IGO$b00$c20230822$lBLL01$h1133
=CAT  \\$aBATCH-UPD$b00$c20230822$lBLL01$h1137
=FIN  \\$aY$d20230822
=SRC  \\$aCoherent Digital WHO$bwhoJuly23.mrc
=LAS  \\$aBATCH-UPD$b00$c20230822$lBLL01$h1137

