=LDR  03287nam a22004693i 4500
=001  021183496
=003  Uk
=005  20230822113341.0
=006  m\\\\||\\d\|\\\\\\
=007  cr\|||||||||||
=008  230811s2023\\\\sz\|||||o\\\\||||\||eng\\
=FMT  \\$a  BK
=037  \\$bWHO
=040  \\$aVaAlCD$beng$cVaAlCD$dUk
=041  \\$aeng
=245  00$aAssessment of adherence to infection prevention and control guidelines among dentists in the West Bank and Jerusalem /$cRawan Al-Sharif.
=264  \1$a[Switzerland] :$bWorld Health Organization,$c2023.
=300  \\$a1 online resource.
=336  \\$atext$2rdacontent
=337  \\$acomputer$2rdamedia
=338  \\$aonline resource$2rdacarrier
=520  3\$aBackground: Adherence to infection prevention and control (‎IPC)‎ guidelines is mandatory in healthcare service provision. Aims: We assessed the knowledge and adherence to IPC guidelines among dentists in the West Bank and Jerusalem. Methods: A self-administered questionnaire was distributed to a convenience sample of dentists in the West Bank and Jerusalem between 12 March 2019 and 9 May 2019. The total sample comprised 395 dentists, categorized into good compliance and fair compliance according to a scale developed from 32 questions. The Chi-squared test was used to compare the 2 categories. Data were analysed using SPSS, version 25. Results: Overall compliance with IPC guidelines was low.
=520  3\$aonly 18.5% of respondents reported good compliance. Compliance with basic principles such as wearing gloves and changing them for each patient and using autoclaves to sterilize equipment was high. Good compliance was significantly associated with age, years of experience, and year of graduation, P = 0.045, P = 0.036 and P = 0.007, respectively. Providers in the north of West Bank and public sector workers were significantly associated with good compliance, P = 0.018 and P ≤ 0.0001, respectively. Experiencing a needle stick injury and the number of needle stick injuries experienced were significantly inversely associated with good compliance, P ≤ 0.001. Conclusion: Based on our results, there is a need for substantial improvements in compliance with IPC guidelines by dentists in the West Bank and Jerusalem.
=520  3\$amandatory education and training regulated by governing institutions would be very helpful.
=653  \\$aCommunicable Diseases
=653  \\$aMiddle East
=653  \\$acairo
=653  \\$acommunicable diseases
=653  \\$ainfection control
=653  \\$amethods
=653  \\$amiddle east
=653  \\$apatient compliance
=700  1\$aRawan Al-Sharif.
=710  2\$aWorld Health Organization.
=856  4\$uhttps://policycommons.net/artifacts/3534084/assessment-of-adherence-to-infection-prevention-and-control-guidelines-among-dentists-in-the-west-bank-and-jerusalem/4335295/$yWorld Health Organization document$ahttps://policycommons.net/
=859  \\$aORR$bWorld Health Organization
=884  \\$aLDL ebooks tsv to marcxml transformation using XSLTtest.xsl$g20230811$qUk
=CAT  \\$aBATCH-IGO$b00$c20230822$lBLL01$h1133
=CAT  \\$aBATCH-UPD$b00$c20230822$lBLL01$h1137
=FIN  \\$aY$d20230822
=SRC  \\$aCoherent Digital WHO$bwhoJuly23.mrc
=LAS  \\$aBATCH-UPD$b00$c20230822$lBLL01$h1137

