=LDR  01771nam a22004813i 4500
=001  021183511
=003  Uk
=005  20230822113341.0
=006  m\\\\||\\d\|\\\\\\
=007  cr\|||||||||||
=008  230811s2023\\\\sz\|||||o\\\\||||\||eng\\
=FMT  \\$a  BK
=037  \\$bWHO
=040  \\$aVaAlCD$beng$cVaAlCD$dUk
=041  \\$aeng
=245  00$aSafety evaluation of certain contaminants in food: prepared by the ninety-first meeting of the Joint FAO/WHO Expert Committee on Food Additives (‎JECFA)‎ /$cFood and Agriculture Organization of the United Nation.
=264  \1$a[Switzerland] :$bWorld Health Organization,$c2023.
=300  \\$a1 online resource.
=336  \\$atext$2rdacontent
=337  \\$acomputer$2rdamedia
=338  \\$aonline resource$2rdacarrier
=520  3\$av, 352 p.
=653  \\$aCadmium
=653  \\$aRisk Assessment
=653  \\$aadverse effects
=653  \\$acadmium
=653  \\$adrug residues
=653  \\$afood additives
=653  \\$afood contamination
=653  \\$ageneva
=653  \\$arisk assessment
=653  \\$atoxicity
=653  \\$aveterinary drugs
=710  2\$aWorld Health Organization.
=720  \\$aFood and Agriculture Organization of the United Nation
=856  4\$uhttps://policycommons.net/artifacts/3529927/safety-evaluation-of-certain-contaminants-in-food/4330833/$yWorld Health Organization document$ahttps://policycommons.net/
=859  \\$aORR$bWorld Health Organization
=884  \\$aLDL ebooks tsv to marcxml transformation using XSLTtest.xsl$g20230811$qUk
=CAT  \\$aBATCH-IGO$b00$c20230822$lBLL01$h1133
=CAT  \\$aBATCH-UPD$b00$c20230822$lBLL01$h1137
=FIN  \\$aY$d20230822
=SRC  \\$aCoherent Digital WHO$bwhoJuly23.mrc
=LAS  \\$aBATCH-UPD$b00$c20230822$lBLL01$h1137

