=LDR  02166nam a22005293i 4500
=001  021183513
=003  Uk
=005  20230822113341.0
=006  m\\\\||\\d\|\\\\\\
=007  cr\|||||||||||
=008  230811s2023\\\\sz\|||||o\\\\||||\||eng\\
=FMT  \\$a  BK
=037  \\$bWHO
=040  \\$aVaAlCD$beng$cVaAlCD$dUk
=041  \\$aeng
=245  00$aSummary report on the intercountry consultation on sustainability and transitioning towards domestic financing for HIV, TB and malaria programmes in the Eastern Mediterranean Region, Cairo, Egypt, 1-2 June 2022 /$cWorld Health Organization. Regional Office for the Eastern Mediterranean.
=264  \1$a[Switzerland] :$bWorld Health Organization,$c2023.
=300  \\$a1 online resource.
=336  \\$atext$2rdacontent
=337  \\$acomputer$2rdamedia
=338  \\$aonline resource$2rdacarrier
=520  3\$a12:00 PM.
=653  \\$aAids
=653  \\$aCommunicable Diseases
=653  \\$aEconomics
=653  \\$aMalaria
=653  \\$aMediterranean Region
=653  \\$aTuberculosis
=653  \\$aacquired immunodeficiency syndrome
=653  \\$acairo
=653  \\$acommunicable diseases
=653  \\$aeconomics
=653  \\$ahiv infections
=653  \\$amalaria
=653  \\$amediterranean region
=653  \\$aprevention & control
=653  \\$atuberculosis
=710  2\$aWorld Health Organization.
=720  \\$aWorld Health Organization. Regional Office for the Eastern Mediterranean
=856  4\$uhttps://policycommons.net/artifacts/3534082/summary-report-on-the-intercountry-consultation-on-sustainability-and-transitioning-towards-domestic-financing-for-hiv-tb-and-malaria-programmes-in-the-eastern-mediterranean-region-cairo-egypt-1-2-june-2022/4335296/$yWorld Health Organization document$ahttps://policycommons.net/
=859  \\$aORR$bWorld Health Organization
=884  \\$aLDL ebooks tsv to marcxml transformation using XSLTtest.xsl$g20230811$qUk
=CAT  \\$aBATCH-IGO$b00$c20230822$lBLL01$h1133
=CAT  \\$aBATCH-UPD$b00$c20230822$lBLL01$h1137
=FIN  \\$aY$d20230822
=SRC  \\$aCoherent Digital WHO$bwhoJuly23.mrc
=LAS  \\$aBATCH-UPD$b00$c20230822$lBLL01$h1137

