=LDR  03366nam a22004933i 4500
=001  021183520
=003  Uk
=005  20230822113341.0
=006  m\\\\||\\d\|\\\\\\
=007  cr\|||||||||||
=008  230811s2023\\\\sz\|||||o\\\\||||\||eng\\
=FMT  \\$a  BK
=037  \\$bWHO
=040  \\$aVaAlCD$beng$cVaAlCD$dUk
=041  \\$aeng
=245  00$aAssessment of preparedness for response to COVID-19 by two hospitals in the Gaza Strip /$cMohammed Aljabari.
=264  \1$a[Switzerland] :$bWorld Health Organization,$c2023.
=300  \\$a1 online resource.
=336  \\$atext$2rdacontent
=337  \\$acomputer$2rdamedia
=338  \\$aonline resource$2rdacarrier
=520  3\$aBackground: Hospital preparedness enables the healthcare delivery system to save lives during emergencies that surpass the day-to-day capacity of existing response systems. The COVID-19 pandemic negatively affected all aspects of life worldwide, and in the Gaza Strip particularly. Aims: We assessed the preparedness of 2 hospitals in the Gaza Strip for response to COVID-19. Methods: An observational, analytical, cross-sectional study was conducted among 160 nurses and physicians between July 2020 and October 2021 at the European Gaza Hospital and the Turkish-Palestinian Friendship Hospital, 2 hospitals dedicated to the reception and care of COVID-19 patients in the Gaza Strip. Data were collected using a structured, selfadministered questionnaire and a checklist. The data were analysed using SPSS, version 23. Frequencies and descriptive data were used to assess the variables. Inferential statistics such as ANOVA and t-test were used to determine the significance and differences between the variables. Cronbach's alpha was 0.903. Results: The majority of the participants were nurses (‎77.5%)‎ and they showed a high level of knowledge and training regarding the response to COVID-19 pandemic (‎73.4 %)‎. Their perception of the preparedness of their hospitals in terms of work environment and availability of resources was average (‎63.6%)‎. Around 70% perceived COVID-19 to have had a negative effect on their personal lives and work. Conclusion: The preparedness level at the 2 hospitals was unsatisfactory (‎55.75%)‎. Further research is recommended to assess the level of hospital preparedness from the viewpoint of other healthcare workers.
=653  \\$aCOVID-19
=653  \\$aEpidemics
=653  \\$aEpidemiology
=653  \\$aMiddle East
=653  \\$abetacoronavirus
=653  \\$acairo
=653  \\$acoronavirus disease (‎covid-19)‎
=653  \\$acovid-19
=653  \\$adisease outbreaks
=653  \\$aepidemiology
=653  \\$amiddle east
=653  \\$apandemics
=700  1\$aMohammed Aljabari.
=710  2\$aWorld Health Organization.
=856  4\$uhttps://policycommons.net/artifacts/3450972/assessment-of-preparedness-for-response-to-covid-19-by-two-hospitals-in-the-gaza-strip/4251232/$yWorld Health Organization document$ahttps://policycommons.net/
=859  \\$aORR$bWorld Health Organization
=884  \\$aLDL ebooks tsv to marcxml transformation using XSLTtest.xsl$g20230811$qUk
=CAT  \\$aBATCH-IGO$b00$c20230822$lBLL01$h1133
=CAT  \\$aBATCH-UPD$b00$c20230822$lBLL01$h1137
=FIN  \\$aY$d20230822
=SRC  \\$aCoherent Digital WHO$bwhoJuly23.mrc
=LAS  \\$aBATCH-UPD$b00$c20230822$lBLL01$h1137

