=LDR  01471nam a22003973i 4500
=001  021183522
=003  Uk
=005  20230822113341.0
=006  m\\\\||\\d\|\\\\\\
=007  cr\|||||||||||
=008  230811s2023\\\\sz\|||||o\\\\||||\||eng\\
=FMT  \\$a  BK
=037  \\$bWHO
=040  \\$aVaAlCD$beng$cVaAlCD$dUk
=041  \\$aeng
=245  00$aWeekly Bulletin on Outbreak and other Emergencies: Week 4: 16 to 22 January 2023 /$cWorld Health Organization. Regional Office for Africa.
=264  \1$a[Switzerland] :$bWorld Health Organization,$c2023.
=300  \\$a1 online resource.
=336  \\$atext$2rdacontent
=337  \\$acomputer$2rdamedia
=338  \\$aonline resource$2rdacarrier
=653  \\$aCholera
=653  \\$abrazzaville
=653  \\$acholera
=653  \\$ameasles
=653  \\$amonkeypox
=710  2\$aWorld Health Organization.
=720  \\$aWorld Health Organization. Regional Office for Africa
=856  4\$uhttps://policycommons.net/artifacts/3410333/weekly-bulletin-on-outbreak-and-other-emergencies/4209688/$yWorld Health Organization document$ahttps://policycommons.net/
=859  \\$aORR$bWorld Health Organization
=884  \\$aLDL ebooks tsv to marcxml transformation using XSLTtest.xsl$g20230811$qUk
=CAT  \\$aBATCH-IGO$b00$c20230822$lBLL01$h1133
=CAT  \\$aBATCH-UPD$b00$c20230822$lBLL01$h1137
=FIN  \\$aY$d20230822
=SRC  \\$aCoherent Digital WHO$bwhoJuly23.mrc
=LAS  \\$aBATCH-UPD$b00$c20230822$lBLL01$h1137

