=LDR  02922nam a22004573i 4500
=001  021183524
=003  Uk
=005  20230822113341.0
=006  m\\\\||\\d\|\\\\\\
=007  cr\|||||||||||
=008  230811s2023\\\\sz\|||||o\\\\||||\||eng\\
=FMT  \\$a  BK
=037  \\$bWHO
=040  \\$aVaAlCD$beng$cVaAlCD$dUk
=041  \\$aeng
=245  00$aHearing impairment and its impact on children and parents in Pakistan /$cNazia Mumtaz.
=264  \1$a[Switzerland] :$bWorld Health Organization,$c2023.
=300  \\$a1 online resource.
=336  \\$atext$2rdacontent
=337  \\$acomputer$2rdamedia
=338  \\$aonline resource$2rdacarrier
=520  3\$aBackground: Hearing impairment and its consequences in children are often worsened by late identification in Pakistan. Deep-rooted cultural beliefs make some parents reluctant to seek clinical treatment, making adaptable solutions that traverse levels of socio-ecological model necessary. Aims: To determine the impact of hearing impairment on children's participation in social activities, and the financial burden on their parents. Methods: This cross-sectional study included 377 parents of children with hearing impairment. The sample was recruited from special education schools and hospitals in Islamabad and Lahore, Pakistan, from November 2015 to April 2016. A 15- item structured questionnaire was used for data collection. SPSS version 21 was used for statistical analysis. Results: Among children with hearing impairment, 47.5% faced moderate challenges in joining social activities, and 26.0% faced severe challenges. There was a significant positive correlation between the severity of hearing impairment, the person who suspected hearing impairment, age of detection of hearing impairment, and time of referral. Children with hearing impairment caused moderate financial strain on 39.0% of parents and mild strain on 26.8%.Conclusion: Hearing impairment can significantly impact children's participation in social activities and cause financial burdens on their parents.
=653  \\$aEpidemiology
=653  \\$aPakistan
=653  \\$aParents
=653  \\$acairo
=653  \\$aepidemiology
=653  \\$ahearing loss
=653  \\$anoncommunicable diseases
=653  \\$apakistan
=653  \\$aparents
=700  1\$aNazia Mumtaz.
=710  2\$aWorld Health Organization.
=856  4\$uhttps://policycommons.net/artifacts/3450981/hearing-impairment-and-its-impact-on-children-and-parents-in-pakistan/4251237/$yWorld Health Organization document$ahttps://policycommons.net/
=859  \\$aORR$bWorld Health Organization
=884  \\$aLDL ebooks tsv to marcxml transformation using XSLTtest.xsl$g20230811$qUk
=CAT  \\$aBATCH-IGO$b00$c20230822$lBLL01$h1133
=CAT  \\$aBATCH-UPD$b00$c20230822$lBLL01$h1137
=FIN  \\$aY$d20230822
=SRC  \\$aCoherent Digital WHO$bwhoJuly23.mrc
=LAS  \\$aBATCH-UPD$b00$c20230822$lBLL01$h1137

