=LDR  02944nam a22004333i 4500
=001  021183529
=003  Uk
=005  20230822113341.0
=006  m\\\\||\\d\|\\\\\\
=007  cr\|||||||||||
=008  230811s2023\\\\sz\|||||o\\\\||||\||eng\\
=FMT  \\$a  BK
=037  \\$bWHO
=040  \\$aVaAlCD$beng$cVaAlCD$dUk
=041  \\$aeng
=245  00$aAnalysis of human resources for health in Afghanistan /$cSaha Naseri.
=264  \1$a[Switzerland] :$bWorld Health Organization,$c2023.
=300  \\$a1 online resource.
=336  \\$atext$2rdacontent
=337  \\$acomputer$2rdamedia
=338  \\$aonline resource$2rdacarrier
=520  3\$aBackground: Despite large-scale investment in health service delivery outsourcing, few studies have examined human resources for health (‎HRH)‎ in Afghanistan. Aims: To review the HRH situation of outsourced healthcare services in Afghanistan and evaluate nongovernment organization (‎NGO)‎ investments in the health workforce. Methods: Two questionnaires were used for data collection. One gathered information about the characteristics of HRH in 2020 and the other collected budgetary data for 2017-2020 to analyse budget allocation and expenditure by NGOs on the health workforce. Results: A total of 25 262 (‎65% male, 35% female)‎ individuals were employed by NGOs in 31 provinces of Afghanistan. There was a critical shortage of personnel and a prevalence of gender imbalance across all provinces. Healthcare workers were mostly aged 26 to 30 years. Services were mostly provided by local NGOs and their scopes were not limited to outsourced projects. More than 75% of the budget of NGOs was allocated to the health workforce in 2017-2020, and more than 70% of allocations was spent on staff salaries, followed by other health workforce expenditure. Less than 5% was spent on capacity building. Conclusion: There is a gross shortage and large gender imbalance in the Afghanistan health workforce. It is essential to maintain and increase current financial and technical investments to ensure sustainability and enhance the fragile health system in Afghanistan.
=653  \\$aAfghanistan
=653  \\$aHealth Services
=653  \\$aafghanistan
=653  \\$acairo
=653  \\$ahealth services
=653  \\$ahealth systems
=653  \\$ahealth workforce
=700  1\$aSaha Naseri.
=710  2\$aWorld Health Organization.
=856  4\$uhttps://policycommons.net/artifacts/3534083/analysis-of-human-resources-for-health-in-afghanistan/4335300/$yWorld Health Organization document$ahttps://policycommons.net/
=859  \\$aORR$bWorld Health Organization
=884  \\$aLDL ebooks tsv to marcxml transformation using XSLTtest.xsl$g20230811$qUk
=CAT  \\$aBATCH-IGO$b00$c20230822$lBLL01$h1133
=CAT  \\$aBATCH-UPD$b00$c20230822$lBLL01$h1137
=FIN  \\$aY$d20230822
=SRC  \\$aCoherent Digital WHO$bwhoJuly23.mrc
=LAS  \\$aBATCH-UPD$b00$c20230822$lBLL01$h1137

