=LDR  03214nam a22004333i 4500
=001  021183530
=003  Uk
=005  20230822113341.0
=006  m\\\\||\\d\|\\\\\\
=007  cr\|||||||||||
=008  230811s2023\\\\sz\|||||o\\\\||||\||eng\\
=FMT  \\$a  BK
=037  \\$bWHO
=040  \\$aVaAlCD$beng$cVaAlCD$dUk
=041  \\$aeng
=245  04$aThe role of midwives in implementing reproductive health services in Islamic Republic of Iran /$cMahsa Khoshnam Rad.
=264  \1$a[Switzerland] :$bWorld Health Organization,$c2023.
=300  \\$a1 online resource.
=336  \\$atext$2rdacontent
=337  \\$acomputer$2rdamedia
=338  \\$aonline resource$2rdacarrier
=520  3\$aBackground: It is essential to study the availability of reproductive health services and the capacities of providers, to provide evidence for improving service quality. Aims: To identify the role of midwives in the provision of reproductive health services and recommend improvements. Methods: A national review of government health resources in the Islamic Republic of Iran was conducted to explore available reproductive health services. Through semi-structured interviews with 30 midwives, information was collected about the compatibility of services with the capacity and scope of the activities of midwives. A panel of 12 experts was assembled to develop a proposed service package. The content analysis method was applied to data analysis and interpretation. Results: The service package developed covered 82 services that midwives can offer at the 8 healthcare facility groups. Although midwives were trained to manage a range of primary and gynaecological care services, certain essential aspects of reproductive health services were not being delivered on the frontline. These include sexually transmitted diseases and human papilloma virus management, diagnosis and treatment of common gynaecological problems, sexual education and counselling, and childbirth services. Midwives were not adequately engaged to provide reproductive health care at the secondary level. Conclusion: There are drawbacks to the current reproductive health service delivery in the Islamic Republic of Iran. The service package designed and proposed in this study aims to strengthen reproductive health care services and planning and better integration of midwife-led programmes.
=653  \\$aEducation
=653  \\$acairo
=653  \\$aeducation
=653  \\$ahealth systems
=653  \\$airan
=653  \\$amidwifery
=653  \\$areproductive health services
=700  1\$aMahsa Khoshnam Rad.
=710  2\$aWorld Health Organization.
=856  4\$uhttps://policycommons.net/artifacts/3534085/the-role-of-midwives-in-implementing-reproductive-health-services-in-islamic-republic-of-iran/4335298/$yWorld Health Organization document$ahttps://policycommons.net/
=859  \\$aORR$bWorld Health Organization
=884  \\$aLDL ebooks tsv to marcxml transformation using XSLTtest.xsl$g20230811$qUk
=CAT  \\$aBATCH-IGO$b00$c20230822$lBLL01$h1133
=CAT  \\$aBATCH-UPD$b00$c20230822$lBLL01$h1137
=FIN  \\$aY$d20230822
=SRC  \\$aCoherent Digital WHO$bwhoJuly23.mrc
=LAS  \\$aBATCH-UPD$b00$c20230822$lBLL01$h1137

