=LDR  03660nam a22005053i 4500
=001  021183532
=003  Uk
=005  20230822113341.0
=006  m\\\\||\\d\|\\\\\\
=007  cr\|||||||||||
=008  230811s2023\\\\sz\|||||o\\\\||||\||eng\\
=FMT  \\$a  BK
=037  \\$bWHO
=040  \\$aVaAlCD$beng$cVaAlCD$dUk
=041  \\$aeng
=245  00$aLiteracy of healthcare personnel in Türkiye about the international code of marketing of breastmilk substitutes /$cMelda Çelik.
=264  \1$a[Switzerland] :$bWorld Health Organization,$c2023.
=300  \\$a1 online resource.
=336  \\$atext$2rdacontent
=337  \\$acomputer$2rdamedia
=338  \\$aonline resource$2rdacarrier
=520  3\$aBackground: Social media posts that violate the International Code of Marketing of Breastmilk Substitutes (‎the Code)‎ may influence societal opinions, views, attitudes, behaviours, and beliefs about breastfeeding, including among healthcare personnel who provide services to breastfeeding women and infants. Aims: To investigate the literacy of healthcare personnel at Ankara Hacettepe University Hospitals, Türkiye, about the Code and their selection of social media posts about breastfeeding, after completing a breastfeeding counselling course. Methods: This study included healthcare personnel who completed 2 breastfeeding counselling courses conducted at Hacettepe University in October 2018 and July 2019. They were asked to search for breast milk and breastfeeding on their favourite social media platforms, select 2-4 posts that attracted them, and evaluate the posts to know if they were supportive of breastfeeding. The counselling course facilitators assessed their responses. Results: Twenty-seven nurses and 40 medical doctors participated in the study.
=520  3\$a85.0% of them were female. The participants selected 82 (‎34%)‎ posts from Instagram, 22 (‎9.1%)‎ from Facebook, 4 (‎1.7%)‎ from YouTube, and 134 (‎55.2%)‎ from other social media platforms. The most common themes of the posts were benefits of breast milk, methods of giving breast milk, and use of infant formula instead of breast milk. The contents of the media were 68.2% (‎n = 165)‎ favourable and 31.0% (‎n = 75)‎ unfavourable to breastfeeding. The inter-rater reliability between the participants and facilitators was almost perfect (‎k coefficient 0.83)‎. Conclusion: Sustainable support is needed in Türkiye to increase literacy among healthcare personnel about social media posts that violate the Code, especially those working at baby-friendly hospitals and those who care for breastfeeding mothers.
=653  \\$aLiteracy
=653  \\$aMarketing
=653  \\$aTurkey
=653  \\$acairo
=653  \\$adelivery of health care
=653  \\$ahealth systems
=653  \\$ahospitals, university
=653  \\$aliteracy
=653  \\$amarketing
=653  \\$amilk, human
=653  \\$areproducibility of results
=653  \\$aturkey
=700  1\$aMelda Çelik.
=710  2\$aWorld Health Organization.
=856  4\$uhttps://policycommons.net/artifacts/4305846/literacy-of-healthcare-personnel-in-turkiye-about-the-international-code-of-marketing-of-breastmilk-substitutes/5115997/$yWorld Health Organization document$ahttps://policycommons.net/
=859  \\$aORR$bWorld Health Organization
=884  \\$aLDL ebooks tsv to marcxml transformation using XSLTtest.xsl$g20230811$qUk
=CAT  \\$aBATCH-IGO$b00$c20230822$lBLL01$h1133
=CAT  \\$aBATCH-UPD$b00$c20230822$lBLL01$h1137
=FIN  \\$aY$d20230822
=SRC  \\$aCoherent Digital WHO$bwhoJuly23.mrc
=LAS  \\$aBATCH-UPD$b00$c20230822$lBLL01$h1137

