=LDR  01761nam a22005413i 4500
=001  021183533
=003  Uk
=005  20230822113341.0
=006  m\\\\||\\d\|\\\\\\
=007  cr\|||||||||||
=008  230811s2023\\\\sz\|||||o\\\\||||\||eng\\
=FMT  \\$a  BK
=037  \\$bWHO
=040  \\$aVaAlCD$beng$cVaAlCD$dUk
=041  \\$aeng
=245  00$aFood safety aspects of cell-based food /$cFood and Agriculture Organization of the United Nations.
=264  \1$a[Switzerland] :$bWorld Health Organization,$c2023.
=300  \\$a1 online resource.
=336  \\$atext$2rdacontent
=337  \\$acomputer$2rdamedia
=338  \\$aonline resource$2rdacarrier
=520  3\$aix, 132 p.
=653  \\$aFood Industry
=653  \\$aFood Technology
=653  \\$aIsrael
=653  \\$aQatar
=653  \\$aRisk Assessment
=653  \\$aSingapore
=653  \\$acase reports
=653  \\$afood industry
=653  \\$afood safety
=653  \\$afood technology
=653  \\$aisrael
=653  \\$ameat proteins
=653  \\$aqatar
=653  \\$arisk assessment
=653  \\$arome
=653  \\$asingapore
=710  2\$aWorld Health Organization.
=720  \\$aFood and Agriculture Organization of the United Nations
=856  4\$uhttps://policycommons.net/artifacts/3527924/food-safety-aspects-of-cell-based-food/4328740/$yWorld Health Organization document$ahttps://policycommons.net/
=859  \\$aORR$bWorld Health Organization
=884  \\$aLDL ebooks tsv to marcxml transformation using XSLTtest.xsl$g20230811$qUk
=CAT  \\$aBATCH-IGO$b00$c20230822$lBLL01$h1133
=CAT  \\$aBATCH-UPD$b00$c20230822$lBLL01$h1137
=FIN  \\$aY$d20230822
=SRC  \\$aCoherent Digital WHO$bwhoJuly23.mrc
=LAS  \\$aBATCH-UPD$b00$c20230822$lBLL01$h1137

