=LDR  03076nam a22005173i 4500
=001  021183536
=003  Uk
=005  20230822113341.0
=006  m\\\\||\\d\|\\\\\\
=007  cr\|||||||||||
=008  230811s2023\\\\sz\|||||o\\\\||||\||eng\\
=FMT  \\$a  BK
=037  \\$bWHO
=040  \\$aVaAlCD$beng$cVaAlCD$dUk
=041  \\$aeng
=245  00$aWHO Regional Office for Europe nutrient profile model: second edition /$cWorld Health Organization. Regional Office for Europe.
=264  \1$a[Switzerland] :$bWorld Health Organization,$c2023.
=300  \\$a1 online resource.
=336  \\$atext$2rdacontent
=337  \\$acomputer$2rdamedia
=338  \\$aonline resource$2rdacarrier
=520  3\$aThis publication describes the regional nutrient profile model for use and, if necessary, adaptation by Member States in the WHO European Region in developing policies to restrict marketing of unhealthy foods to children. The second edition, presented in this report, is an updated version of the model published in 2015. It incorporates lessons learnt during adaptation of that model by Member States and by other WHO regional offices. A brief history of the WHO Regional Office for Europe nutrient profile model developed in 2015 is provided, followed by how it has been updated. This edition is based on an expert meeting held in September 2021 by the Regional Office and on work of the European Union's Joint Action on Healthy Food for a Healthier Future (‎Best-ReMaP)‎. The draft updated model was tested by 13 Member States that were partners in the Best-ReMaP Joint Action to compare the classification of foods with that in the 2015 model and to identify any practical issues in its application. The second edition of the nutrient profile model for the WHO European Region (‎NPM 2023)‎ is presented and its features described. They include its scope, the food categories for which there are different thresholds, the nutrient and other components that are taken into account, the threshold themselves and definitions of all terms.
=653  \\$aChild Health
=653  \\$aFood
=653  \\$aHealth Policy
=653  \\$aMarketing
=653  \\$aObesity
=653  \\$achild health
=653  \\$achronic disease
=653  \\$acopenhagen
=653  \\$adiet
=653  \\$afood
=653  \\$ahealth policy
=653  \\$amarketing
=653  \\$anutritional status
=653  \\$aobesity
=710  2\$aWorld Health Organization.
=720  \\$aWorld Health Organization. Regional Office for Europe
=856  4\$uhttps://policycommons.net/artifacts/3457235/who-regional-office-for-europe-nutrient-profile-model/4257696/$yWorld Health Organization document$ahttps://policycommons.net/
=859  \\$aORR$bWorld Health Organization
=884  \\$aLDL ebooks tsv to marcxml transformation using XSLTtest.xsl$g20230811$qUk
=CAT  \\$aBATCH-IGO$b00$c20230822$lBLL01$h1133
=CAT  \\$aBATCH-UPD$b00$c20230822$lBLL01$h1137
=FIN  \\$aY$d20230822
=SRC  \\$aCoherent Digital WHO$bwhoJuly23.mrc
=LAS  \\$aBATCH-UPD$b00$c20230822$lBLL01$h1137

