=LDR  02344nam a22004093i 4500
=001  021183546
=003  Uk
=005  20230822113341.0
=006  m\\\\||\\d\|\\\\\\
=007  cr\|||||||||||
=008  230811s2023\\\\sz\|||||o\\\\||||\||eng\\
=FMT  \\$a  BK
=037  \\$bWHO
=040  \\$aVaAlCD$beng$cVaAlCD$dUk
=041  \\$aeng
=245  00$aTuberculosis surveillance and monitoring in Europe 2023: 2021 data /$cEuropean Centre for Disease Prevention and Control.
=264  \1$a[Switzerland] :$bWorld Health Organization,$c2023.
=300  \\$a1 online resource.
=336  \\$atext$2rdacontent
=337  \\$acomputer$2rdamedia
=338  \\$aonline resource$2rdacarrier
=520  3\$aThis report provides an overview of the latest tuberculosis (‎TB)‎ epidemiological situation and is published jointly by theWHO Regional Office for Europe and the European Centre for Disease Prevention and Control (‎ECDC)‎. Despite the slightrecovery of 1.1% in 2021 compared to 2020, the European Region still recorded 23% fewer new and relapse TB cases in2021 than in 2019. Notwithstanding the potential issues of underdiagnosis and underreporting which continued throughout2021, 166 026 incident TB cases were notified in the European Region. The epidemic patterns and trends vary widely - withan incidence level of under 10 per 100 000 population achieved in European Union/European Economic Area countries,while overall the Region still has nine of the 30 countries with the highest multidrug-resistant TB burden in the world.
=653  \\$aEpidemiology
=653  \\$aTuberculosis
=653  \\$aepidemiology
=653  \\$astockholm and copenhagen
=653  \\$atuberculosis
=710  2\$aWorld Health Organization.
=720  \\$aEuropean Centre for Disease Prevention and Control
=856  4\$uhttps://policycommons.net/artifacts/3525871/tuberculosis-surveillance-and-monitoring-in-europe-2023/4326606/$yWorld Health Organization document$ahttps://policycommons.net/
=859  \\$aORR$bWorld Health Organization
=884  \\$aLDL ebooks tsv to marcxml transformation using XSLTtest.xsl$g20230811$qUk
=CAT  \\$aBATCH-IGO$b00$c20230822$lBLL01$h1133
=CAT  \\$aBATCH-UPD$b00$c20230822$lBLL01$h1137
=FIN  \\$aY$d20230822
=SRC  \\$aCoherent Digital WHO$bwhoJuly23.mrc
=LAS  \\$aBATCH-UPD$b00$c20230822$lBLL01$h1137

