=LDR  02827nam a22004333i 4500
=001  021183550
=003  Uk
=005  20230822113341.0
=006  m\\\\||\\d\|\\\\\\
=007  cr\|||||||||||
=008  230811s2023\\\\sz\|||||o\\\\||||\||eng\\
=FMT  \\$a  BK
=037  \\$bWHO
=040  \\$aVaAlCD$beng$cVaAlCD$dUk
=041  \\$aeng
=245  00$aHow can the EU support sustainable innovation and access to effective antibiotics? Policy options for existing and new medicines /$cMichael Anderson.
=264  \1$a[Switzerland] :$bWorld Health Organization,$c2023.
=300  \\$a1 online resource.
=336  \\$atext$2rdacontent
=337  \\$acomputer$2rdamedia
=338  \\$aonline resource$2rdacarrier
=520  3\$aAntimicrobial and particularly antibiotic resistance is one of the biggest public health challenges the world faces. Over 1 million years of life are lost each year in the European Union (‎EU)‎/European Economic Area (‎EEA)‎ alone due to antibiotic resistance, and it costs healthcare systems about €1.1 billion annually. These health and economic impacts are expected to worsen. Urgent steps are needed and this policy brief focuses on one area where the EU and its Member States can take effective action, fostering sustainable innovation and improving access to effective antibiotics:1. Scientific, economic, structural and regulatory 'barriers' continue to limit the development of novel antibiotics with innovative characteristics despite intensified international efforts.2. Reinvigorating the antibiotic pipeline requires a holistic package of incentives.3. Ensuring timely access to new and existing antibiotics is critical.4. Improving access to effective antibiotics requires both short- and longer-term measures.5. The EU has a major role to play both in combatting antimicrobial resistance (‎AMR)‎ and in contributing to global solutions.
=653  \\$aHealth Policy
=653  \\$aanti-bacterial agents
=653  \\$abiomedical research
=653  \\$acopenhagen
=653  \\$adrug resistance, bacterial
=653  \\$adrug resistance, microbial
=653  \\$ahealth policy
=700  1\$aAnderson, Michael.
=710  2\$aWorld Health Organization.
=856  4\$uhttps://policycommons.net/artifacts/4450445/how-can-the-eu-support-sustainable-innovation-and-access-to-effective-antibiotics-policy-options-for-existing-and-new-medicines/5247711/$yWorld Health Organization document$ahttps://policycommons.net/
=859  \\$aORR$bWorld Health Organization
=884  \\$aLDL ebooks tsv to marcxml transformation using XSLTtest.xsl$g20230811$qUk
=CAT  \\$aBATCH-IGO$b00$c20230822$lBLL01$h1133
=CAT  \\$aBATCH-UPD$b00$c20230822$lBLL01$h1137
=FIN  \\$aY$d20230822
=SRC  \\$aCoherent Digital WHO$bwhoJuly23.mrc
=LAS  \\$aBATCH-UPD$b00$c20230822$lBLL01$h1137

