=LDR  03370nam a22005413i 4500
=001  021183551
=003  Uk
=005  20230822113341.0
=006  m\\\\||\\d\|\\\\\\
=007  cr\|||||||||||
=008  230811s2023\\\\sz\|||||o\\\\||||\||eng\\
=FMT  \\$a  BK
=037  \\$bWHO
=040  \\$aVaAlCD$beng$cVaAlCD$dUk
=041  \\$aeng
=245  00$aSeroprevalence of SARS-CoV-2 infection among blue-collar workers in United Arab Emirates /$cOmar N. Al Jabri.
=264  \1$a[Switzerland] :$bWorld Health Organization,$c2023.
=300  \\$a1 online resource.
=336  \\$atext$2rdacontent
=337  \\$acomputer$2rdamedia
=338  \\$aonline resource$2rdacarrier
=520  3\$aBackground: This is one of the first studies exploring immunity against severe acute respiratory syndrome coronavirus 2 (‎SARS-CoV-2)‎ among blue-collar workers in Abu Dhabi. Aims: This study estimated the seroprevalence of SARS-CoV-2 infection among workers living in a closed setting using qualitative analysis of the total SARS-CoV-2 antibody immune response. Methods: We conducted this monocentric, prospective, observational study in a labor compound for a cohort of workers between 28 March and 6 July 2020. We tested for SARS-CoV-2 (‎nasopharyngeal)‎ (‎RT-PCR)‎ and anti-SARS-CoV-2 T-Ab. Results: Out of a total of 1600 workers, 1206 (‎75.0%)‎ participated in the study - all were males, median age 35 years (‎19-63 years)‎. We found 51% of the participants to be positive for SARS-CoV-2.
=520  3\$athe 49.0% who tested negative were considered as contacts. Anti-SARS-CoV-2 T-Ab was detected among 864 participants, showing an overall point prevalence of 71.6%. A relatively higher response was found among cases (‎89.0%)‎ than among contacts (‎53.2%)‎. Conclusion: This study highlights the need to prioritize public health interventions in closed settings where disease transmission is higher due to greater overall exposure. A high seroprevalence of anti-SARS-CoV-2 T-Ab was found among the residents. A serial quantitative study applying time series and regression models is recommended to further evaluate the sustainability of the immune response among this and similar population groups.
=653  \\$aCOVID-19
=653  \\$aEpidemiology
=653  \\$aUnited Arab Emirates
=653  \\$aantibodies, viral
=653  \\$abetacoronavirus
=653  \\$acairo
=653  \\$acoronavirus disease (‎covid-19)‎
=653  \\$acovid-19
=653  \\$adisease outbreaks
=653  \\$aepidemiology
=653  \\$ahealth personnel
=653  \\$aprospective studies
=653  \\$asars-cov-2
=653  \\$aseroepidemiologic studies
=653  \\$aunited arab emirates
=700  1\$aOmar N. Al Jabri.
=710  2\$aWorld Health Organization.
=856  4\$uhttps://policycommons.net/artifacts/3936842/seroprevalence-of-sars-cov-2-infection-among-blue-collar-workers-in-united-arab-emirates/4744025/$yWorld Health Organization document$ahttps://policycommons.net/
=859  \\$aORR$bWorld Health Organization
=884  \\$aLDL ebooks tsv to marcxml transformation using XSLTtest.xsl$g20230811$qUk
=CAT  \\$aBATCH-IGO$b00$c20230822$lBLL01$h1133
=CAT  \\$aBATCH-UPD$b00$c20230822$lBLL01$h1137
=FIN  \\$aY$d20230822
=SRC  \\$aCoherent Digital WHO$bwhoJuly23.mrc
=LAS  \\$aBATCH-UPD$b00$c20230822$lBLL01$h1137

