=LDR  01745nam a22004933i 4500
=001  021183555
=003  Uk
=005  20230822113341.0
=006  m\\\\||\\d\|\\\\\\
=007  cr\|||||||||||
=008  230811s2023\\\\sz\|||||o\\\\||||\||eng\\
=FMT  \\$a  BK
=037  \\$bWHO
=040  \\$aVaAlCD$beng$cVaAlCD$dUk
=041  \\$aeng
=245  00$aPilot decision workshop to aid prioritization of resources for malaria control in Ghana: meeting report, 12-13 September 2022 /$cWorld Health Organization.
=264  \1$a[Switzerland] :$bWorld Health Organization,$c2023.
=300  \\$a1 online resource.
=336  \\$atext$2rdacontent
=337  \\$acomputer$2rdamedia
=338  \\$aonline resource$2rdacarrier
=520  3\$a19 p.
=653  \\$aGhana
=653  \\$aMalaria
=653  \\$aTechnology
=653  \\$adecision making
=653  \\$adigital technology
=653  \\$ageneva
=653  \\$aghana
=653  \\$amalaria
=653  \\$ameeting abstract
=653  \\$anational health programs
=653  \\$aprevention and control
=653  \\$atechnology
=710  2\$aWorld Health Organization.
=720  \\$aWorld Health Organization
=856  4\$uhttps://policycommons.net/artifacts/3376706/pilot-decision-workshop-to-aid-prioritization-of-resources-for-malaria-control-in-ghana/4175558/$yWorld Health Organization document$ahttps://policycommons.net/
=859  \\$aORR$bWorld Health Organization
=884  \\$aLDL ebooks tsv to marcxml transformation using XSLTtest.xsl$g20230811$qUk
=CAT  \\$aBATCH-IGO$b00$c20230822$lBLL01$h1133
=CAT  \\$aBATCH-UPD$b00$c20230822$lBLL01$h1137
=FIN  \\$aY$d20230822
=SRC  \\$aCoherent Digital WHO$bwhoJuly23.mrc
=LAS  \\$aBATCH-UPD$b00$c20230822$lBLL01$h1137

