=LDR  01523nam a22004213i 4500
=001  021183556
=003  Uk
=005  20230822113341.0
=006  m\\\\||\\d\|\\\\\\
=007  cr\|||||||||||
=008  230811s2023\\\\sz\|||||o\\\\||||\||eng\\
=FMT  \\$a  BK
=037  \\$bWHO
=040  \\$aVaAlCD$beng$cVaAlCD$dUk
=041  \\$aeng
=245  00$aGlobal Outbreak Alert and Response Network (‎GOARN)‎: strategy 2022-2026 /$cWorld Health Organization.
=264  \1$a[Switzerland] :$bWorld Health Organization,$c2023.
=300  \\$a1 online resource.
=336  \\$atext$2rdacontent
=337  \\$acomputer$2rdamedia
=338  \\$aonline resource$2rdacarrier
=520  3\$ax, 28 p.
=653  \\$aInternational Cooperation
=653  \\$adisaster planning
=653  \\$adisease outbreaks
=653  \\$ageneva
=653  \\$ainternational cooperation
=653  \\$aprevention and control
=710  2\$aWorld Health Organization.
=720  \\$aWorld Health Organization
=856  4\$uhttps://policycommons.net/artifacts/3447503/global-outbreak-alert-and-response-network-goarn/4247668/$yWorld Health Organization document$ahttps://policycommons.net/
=859  \\$aORR$bWorld Health Organization
=884  \\$aLDL ebooks tsv to marcxml transformation using XSLTtest.xsl$g20230811$qUk
=CAT  \\$aBATCH-IGO$b00$c20230822$lBLL01$h1133
=CAT  \\$aBATCH-UPD$b00$c20230822$lBLL01$h1137
=FIN  \\$aY$d20230822
=SRC  \\$aCoherent Digital WHO$bwhoJuly23.mrc
=LAS  \\$aBATCH-UPD$b00$c20230822$lBLL01$h1137

