=LDR  01713nam a22004573i 4500
=001  021183559
=003  Uk
=005  20230822113341.0
=006  m\\\\||\\d\|\\\\\\
=007  cr\|||||||||||
=008  230811s2023\\\\sz\|||||o\\\\||||\||eng\\
=FMT  \\$a  BK
=037  \\$bWHO
=040  \\$aVaAlCD$beng$cVaAlCD$dUk
=041  \\$aeng
=245  00$aRight to health: barriers to health and attacks on health care in the occupied Palestinian territory, 2019 to 2021 /$cWorld Health Organization. Regional Office for the Eastern Mediterranean.
=264  \1$a[Switzerland] :$bWorld Health Organization,$c2023.
=300  \\$a1 online resource.
=336  \\$atext$2rdacontent
=337  \\$acomputer$2rdamedia
=338  \\$aonline resource$2rdacarrier
=520  3\$a63 p.
=653  \\$aHuman Rights
=653  \\$acairo
=653  \\$adelivery of health care
=653  \\$ahealth facilities
=653  \\$ahealth services accessibility
=653  \\$ahealth systems
=653  \\$ahuman rights
=653  \\$apatient rights
=653  \\$asocial determinants of health
=710  2\$aWorld Health Organization.
=720  \\$aWorld Health Organization. Regional Office for the Eastern Mediterranean
=856  4\$uhttps://policycommons.net/artifacts/3793048/right-to-health/4598884/$yWorld Health Organization document$ahttps://policycommons.net/
=859  \\$aORR$bWorld Health Organization
=884  \\$aLDL ebooks tsv to marcxml transformation using XSLTtest.xsl$g20230811$qUk
=CAT  \\$aBATCH-IGO$b00$c20230822$lBLL01$h1133
=CAT  \\$aBATCH-UPD$b00$c20230822$lBLL01$h1137
=FIN  \\$aY$d20230822
=SRC  \\$aCoherent Digital WHO$bwhoJuly23.mrc
=LAS  \\$aBATCH-UPD$b00$c20230822$lBLL01$h1137

