=LDR  01850nam a22005893i 4500
=001  021183563
=003  Uk
=005  20230822113341.0
=006  m\\\\||\\d\|\\\\\\
=007  cr\|||||||||||
=008  230811s2023\\\\sz\|||||o\\\\||||\||eng\\
=FMT  \\$a  BK
=037  \\$bWHO
=040  \\$aVaAlCD$beng$cVaAlCD$dUk
=041  \\$aeng
=245  00$aWhat the COVID-19 pandemic has exposed: the findings of five global health workforce professions /$cErin Downey.
=264  \1$a[Switzerland] :$bWorld Health Organization,$c2023.
=300  \\$a1 online resource.
=336  \\$atext$2rdacontent
=337  \\$acomputer$2rdamedia
=338  \\$aonline resource$2rdacarrier
=520  3\$ax, 51 p.
=653  \\$aCaregivers
=653  \\$aCOVID-19
=653  \\$aData Analysis
=653  \\$aDentists
=653  \\$aEpidemics
=653  \\$aNurses
=653  \\$aPharmacists
=653  \\$aPhysicians
=653  \\$acaregivers
=653  \\$acovid-19
=653  \\$adata analysis
=653  \\$adentists
=653  \\$ageneva
=653  \\$ahealth workforce
=653  \\$anurses
=653  \\$apandemics
=653  \\$apharmacists
=653  \\$aphysical therapists
=653  \\$aphysicians
=653  \\$asurveys and questionnaires
=700  1\$aDowney, Erin.
=710  2\$aWorld Health Organization.
=856  4\$uhttps://policycommons.net/artifacts/3526071/what-the-covid-19-pandemic-has-exposed/4326796/$yWorld Health Organization document$ahttps://policycommons.net/
=859  \\$aORR$bWorld Health Organization
=884  \\$aLDL ebooks tsv to marcxml transformation using XSLTtest.xsl$g20230811$qUk
=CAT  \\$aBATCH-IGO$b00$c20230822$lBLL01$h1133
=CAT  \\$aBATCH-UPD$b00$c20230822$lBLL01$h1137
=FIN  \\$aY$d20230822
=SRC  \\$aCoherent Digital WHO$bwhoJuly23.mrc
=LAS  \\$aBATCH-UPD$b00$c20230822$lBLL01$h1137

