=LDR  01711nam a22004573i 4500
=001  021183564
=003  Uk
=005  20230822113341.0
=006  m\\\\||\\d\|\\\\\\
=007  cr\|||||||||||
=008  230811s2023\\\\sz\|||||o\\\\||||\||eng\\
=FMT  \\$a  BK
=037  \\$bWHO
=040  \\$aVaAlCD$beng$cVaAlCD$dUk
=041  \\$aeng
=245  00$aReview of contextual factors to inform the development of the WHO guideline on the use of low-sodium salt substitutes /$cWorld Health Organization.
=264  \1$a[Switzerland] :$bWorld Health Organization,$c2023.
=300  \\$a1 online resource.
=336  \\$atext$2rdacontent
=337  \\$acomputer$2rdamedia
=338  \\$aonline resource$2rdacarrier
=520  3\$avi, 24 p.
=653  \\$acardiovascular diseases
=653  \\$acoronary disease
=653  \\$adiet, sodium-restricted
=653  \\$ageneva
=653  \\$aguidelines as topic
=653  \\$ahypertension
=653  \\$apotassium
=653  \\$areview
=653  \\$asodium chloride, dietary
=710  2\$aWorld Health Organization.
=720  \\$aWorld Health Organization
=856  4\$uhttps://policycommons.net/artifacts/3526072/review-of-contextual-factors-to-inform-the-development-of-the-who-guideline-on-the-use-of-low-sodium-salt-substitutes/4326798/$yWorld Health Organization document$ahttps://policycommons.net/
=859  \\$aORR$bWorld Health Organization
=884  \\$aLDL ebooks tsv to marcxml transformation using XSLTtest.xsl$g20230811$qUk
=CAT  \\$aBATCH-IGO$b00$c20230822$lBLL01$h1133
=CAT  \\$aBATCH-UPD$b00$c20230822$lBLL01$h1137
=FIN  \\$aY$d20230822
=SRC  \\$aCoherent Digital WHO$bwhoJuly23.mrc
=LAS  \\$aBATCH-UPD$b00$c20230822$lBLL01$h1137

