=LDR  02975nam a22004573i 4500
=001  021183568
=003  Uk
=005  20230822113341.0
=006  m\\\\||\\d\|\\\\\\
=007  cr\|||||||||||
=008  230811s2023\\\\sz\|||||o\\\\||||\||eng\\
=FMT  \\$a  BK
=037  \\$bWHO
=040  \\$aVaAlCD$beng$cVaAlCD$dUk
=041  \\$aeng
=245  00$aComparison of the capture-recapture method and seroprevalence survey for estimation of COVID-19 prevalence in the Islamic Republic of Iran /$cAli Davoudi Kiakalayeh.
=264  \1$a[Switzerland] :$bWorld Health Organization,$c2023.
=300  \\$a1 online resource.
=336  \\$atext$2rdacontent
=337  \\$acomputer$2rdamedia
=338  \\$aonline resource$2rdacarrier
=520  3\$aBackground: Reliable estimation of prevalence is important for monitoring and evaluation of COVID-19 prevention programmes among at-risk populations. Aims: We compared the capture-recapture method with a seroprevalence survey for accurate estimation of the prevalence of COVID-19 during a 1-year period in Guilan Province, northern Islamic Republic of Iran. Methods: We used the capture-recapture method to estimate the prevalence of COVID-19. Records from the primary care registry system and the Medical Care Monitoring Center were compared, using 4 matching approaches based on combinations of the following variables: name, age, gender, date of death, positive or negative cases, and alive or dead cases. Results: The estimated prevalence of COVID-19 in the study population from the beginning of the pandemic in February 2020 until the end of January 2021 was 16.2-19.8%, depending on the matching approach used, which was lower than in previous studies. Conclusion: The capture-recapture method may provide better accuracy than seroprevalence surveys in measuring the prevalence of COVID-19. This method may also reduce the bias in the estimation of prevalence and correct the misconception of policymakers about seroprevalence survey results.
=653  \\$aCOVID-19
=653  \\$aEpidemiology
=653  \\$abetacoronavirus
=653  \\$acairo
=653  \\$acoronavirus disease (‎covid-19)‎
=653  \\$acovid-19
=653  \\$adisease outbreaks
=653  \\$aepidemiology
=653  \\$airan
=700  1\$aAli Davoudi Kiakalayeh.
=710  2\$aWorld Health Organization.
=856  4\$uhttps://policycommons.net/artifacts/3524523/comparison-of-the-capture-recapture-method-and-seroprevalence-survey-for-estimation-of-covid-19-prevalence-in-the-islamic-republic-of-iran/4325177/$yWorld Health Organization document$ahttps://policycommons.net/
=859  \\$aORR$bWorld Health Organization
=884  \\$aLDL ebooks tsv to marcxml transformation using XSLTtest.xsl$g20230811$qUk
=CAT  \\$aBATCH-IGO$b00$c20230822$lBLL01$h1133
=CAT  \\$aBATCH-UPD$b00$c20230822$lBLL01$h1137
=FIN  \\$aY$d20230822
=SRC  \\$aCoherent Digital WHO$bwhoJuly23.mrc
=LAS  \\$aBATCH-UPD$b00$c20230822$lBLL01$h1137

