=LDR  03556nam a22004813i 4500
=001  021183569
=003  Uk
=005  20230822113341.0
=006  m\\\\||\\d\|\\\\\\
=007  cr\|||||||||||
=008  230811s2023\\\\sz\|||||o\\\\||||\||eng\\
=FMT  \\$a  BK
=037  \\$bWHO
=040  \\$aVaAlCD$beng$cVaAlCD$dUk
=041  \\$aeng
=245  00$aAcute adverse events following immunization with DTP-HB-Hib pentavalent vaccine in the first year of life /$cShahrokh Izadi.
=264  \1$a[Switzerland] :$bWorld Health Organization,$c2023.
=300  \\$a1 online resource.
=336  \\$atext$2rdacontent
=337  \\$acomputer$2rdamedia
=338  \\$aonline resource$2rdacarrier
=520  3\$aBackground: Since November 2014, the pentavalent (‎Diptheria+Tetanus+Pertussis and Hepatitis B and Hib or DTP-HBHib)‎ vaccine has been integrated into the Iranian national vaccination programme. Aims: We conducted a prospective study in Zahedan in the southeast of the Islamic Republic of Iran to determine the incidence of adverse events following immunization (‎AEFI)‎ with the pentavalent vaccine in children aged under one year. Methods: Using cluster sampling, 1119 children aged 2-10 months at 15 public health clinics were invited, through their parents, to participate in the study. The parents were trained to register and report any AEFIs in a questionnaire. They were instructed to return the child to the clinic for further examination by a physician if they observed any complications within 3 days of vaccination. Results: The most commonly reported AEFIs were fever (‎50.94%)‎, mild (‎41.46%)‎ and severe (‎1.70%)‎ injection site complications, persistent crying for 3 hours or more (‎1.88%)‎, hypotonic hyporesponsive episode (‎0.36%)‎, vomiting (‎1.88%)‎, diarrhoea (‎2.95%)‎, and sterile abscess (‎0.62%)‎. There were no cases of convulsion, purulent abscess or rash. The work experience of vaccinators (‎OR = 1.85.
=520  3\$a95% CI: 1.4-2.46)‎ showed a significant statistical association with the incidence of mild local complications at the injection site. Those with a history of Bacillus Calmette-Guérin (‎BCG)‎ lymphadenitis (‎OR = 3.89.
=520  3\$a95% CI:1.04-14.49)‎ had a higher risk of severe local complications at the injection site. Conclusions: The observed incidence of serious AEFIs following pentavalent vaccine injection in the study population was within the expected range. However, some of the relationships observed in this study require further research.
=653  \\$aCommunicable Diseases
=653  \\$aadverse effects
=653  \\$acairo
=653  \\$acommunicable diseases
=653  \\$adiphtheria-tetanus-pertussis vaccine
=653  \\$ahaemophilus influenzae type b
=653  \\$ahaemophilus vaccines
=653  \\$airan
=653  \\$avaccines, combined
=700  1\$aShahrokh Izadi.
=710  2\$aWorld Health Organization.
=856  4\$uhttps://policycommons.net/artifacts/3450986/acute-adverse-events-following-immunization-with-dtp-hb-hib-pentavalent-vaccine-in-the-first-year-of-life/4251252/$yWorld Health Organization document$ahttps://policycommons.net/
=859  \\$aORR$bWorld Health Organization
=884  \\$aLDL ebooks tsv to marcxml transformation using XSLTtest.xsl$g20230811$qUk
=CAT  \\$aBATCH-IGO$b00$c20230822$lBLL01$h1133
=CAT  \\$aBATCH-UPD$b00$c20230822$lBLL01$h1137
=FIN  \\$aY$d20230822
=SRC  \\$aCoherent Digital WHO$bwhoJuly23.mrc
=LAS  \\$aBATCH-UPD$b00$c20230822$lBLL01$h1137

