=LDR  01511nam a22004093i 4500
=001  021183571
=003  Uk
=005  20230822113341.0
=006  m\\\\||\\d\|\\\\\\
=007  cr\|||||||||||
=008  230811s2023\\\\sz\|||||o\\\\||||\||eng\\
=FMT  \\$a  BK
=037  \\$bWHO
=040  \\$aVaAlCD$beng$cVaAlCD$dUk
=041  \\$aeng
=245  00$aUnderstanding the global measure of primary health care expenditure: frequently asked questions /$cWorld Health Organization.
=264  \1$a[Switzerland] :$bWorld Health Organization,$c2023.
=300  \\$a1 online resource.
=336  \\$atext$2rdacontent
=337  \\$acomputer$2rdamedia
=338  \\$aonline resource$2rdacarrier
=520  3\$aiv, 8 p.
=653  \\$aHealth Economics
=653  \\$aPrimary Health Care
=653  \\$ageneva
=653  \\$ahealth expenditures
=653  \\$aprimary health care
=710  2\$aWorld Health Organization.
=720  \\$aWorld Health Organization
=856  4\$uhttps://policycommons.net/artifacts/3456569/understanding-the-global-measure-of-primary-health-care-expenditure/4256938/$yWorld Health Organization document$ahttps://policycommons.net/
=859  \\$aORR$bWorld Health Organization
=884  \\$aLDL ebooks tsv to marcxml transformation using XSLTtest.xsl$g20230811$qUk
=CAT  \\$aBATCH-IGO$b00$c20230822$lBLL01$h1133
=CAT  \\$aBATCH-UPD$b00$c20230822$lBLL01$h1137
=FIN  \\$aY$d20230822
=SRC  \\$aCoherent Digital WHO$bwhoJuly23.mrc
=LAS  \\$aBATCH-UPD$b00$c20230822$lBLL01$h1137

