=LDR  02374nam a22004093i 4500
=001  021183573
=003  Uk
=005  20230822113341.0
=006  m\\\\||\\d\|\\\\\\
=007  cr\|||||||||||
=008  230811s2023\\\\sz\|||||o\\\\||||\||eng\\
=FMT  \\$a  BK
=037  \\$bWHO
=040  \\$aVaAlCD$beng$cVaAlCD$dUk
=041  \\$aeng
=245  00$aFramework for national surveillance and control plans for Aedes vectors in the Pacific /$cWorld Health Organization. Regional Office for the Western Pacific.
=264  \1$a[Switzerland] :$bWorld Health Organization,$c2023.
=300  \\$a1 online resource.
=336  \\$atext$2rdacontent
=337  \\$acomputer$2rdamedia
=338  \\$aonline resource$2rdacarrier
=520  3\$aPopulations in Pacific island countries and areas (‎PICs)‎ remain vulnerable to outbreaks of diseases carried by Aedes mosquitoes for which there are no available vaccines or specific treatments, e.g. dengue, chikungunya, and Zika virus disease. Many PICs do not have vector surveillance and control plans in place to ensure preparedness for Aedes-borne disease outbreaks and have limited local capacity to mount an effective response. This framework is designed to assist vector-borne disease control programmes in PICs to plan for the prevention and response to Aedes-borne diseases. It outlines information to be included in national vector surveillance and control plans (‎VSCPs)‎ and provides guidance on implementing these plans considering local epidemiology and resource availability.
=653  \\$aOceania
=653  \\$adisease vectors
=653  \\$ahealth planning
=653  \\$amanila
=653  \\$apacific islands
=710  2\$aWorld Health Organization.
=720  \\$aWorld Health Organization. Regional Office for the Western Pacific
=856  4\$uhttps://policycommons.net/artifacts/3681522/framework-for-national-surveillance-and-control-plans-for-aedes-vectors-in-the-pacific/4487427/$yWorld Health Organization document$ahttps://policycommons.net/
=859  \\$aORR$bWorld Health Organization
=884  \\$aLDL ebooks tsv to marcxml transformation using XSLTtest.xsl$g20230811$qUk
=CAT  \\$aBATCH-IGO$b00$c20230822$lBLL01$h1133
=CAT  \\$aBATCH-UPD$b00$c20230822$lBLL01$h1137
=FIN  \\$aY$d20230822
=SRC  \\$aCoherent Digital WHO$bwhoJuly23.mrc
=LAS  \\$aBATCH-UPD$b00$c20230822$lBLL01$h1137

