=LDR  02189nam a22004333i 4500
=001  021183578
=003  Uk
=005  20230822113341.0
=006  m\\\\||\\d\|\\\\\\
=007  cr\|||||||||||
=008  230811s2023\\\\sz\|||||o\\\\||||\||eng\\
=FMT  \\$a  BK
=037  \\$bWHO
=040  \\$aVaAlCD$beng$cVaAlCD$dUk
=041  \\$aeng
=245  00$aRapid Response Mobile Laboratories (‎RRML)‎ Network: at a glance /$cWorld Health Organization. Regional Office for Europe.
=264  \1$a[Switzerland] :$bWorld Health Organization,$c2023.
=300  \\$a1 online resource.
=336  \\$atext$2rdacontent
=337  \\$acomputer$2rdamedia
=338  \\$aonline resource$2rdacarrier
=520  3\$aRapid Response Mobile Laboratories - or RRMLs - is an inclusive, partner-driven network by the Global Outbreak Alert and Response Network (‎GOARN)‎, serving communities by providing surge capacity to public health systems. Mobile laboratories are a core part of the World Health Organization (‎WHO)‎ global emergency workforce across all phases of the emergency management cycle. Since the launch of the RRML Network, mobile laboratories have been rapidly deployed in a variety of settings such as outbreaks, mass gatherings, humanitarian missions, migrant and refugee crises, and in the aftermath of natural disasters.
=653  \\$aLaboratories
=653  \\$aPublic Health
=653  \\$acopenhagen
=653  \\$aemergencies
=653  \\$aemergency responders
=653  \\$alaboratories
=653  \\$apublic health
=710  2\$aWorld Health Organization.
=720  \\$aWorld Health Organization. Regional Office for Europe
=856  4\$uhttps://policycommons.net/artifacts/3447171/rapid-response-mobile-laboratories-rrml-network/4247349/$yWorld Health Organization document$ahttps://policycommons.net/
=859  \\$aORR$bWorld Health Organization
=884  \\$aLDL ebooks tsv to marcxml transformation using XSLTtest.xsl$g20230811$qUk
=CAT  \\$aBATCH-IGO$b00$c20230822$lBLL01$h1133
=CAT  \\$aBATCH-UPD$b00$c20230822$lBLL01$h1137
=FIN  \\$aY$d20230822
=SRC  \\$aCoherent Digital WHO$bwhoJuly23.mrc
=LAS  \\$aBATCH-UPD$b00$c20230822$lBLL01$h1137

