=LDR  01497nam a22003613i 4500
=001  021183579
=003  Uk
=005  20230822113341.0
=006  m\\\\||\\d\|\\\\\\
=007  cr\|||||||||||
=008  230811s2023\\\\sz\|||||o\\\\||||\||eng\\
=FMT  \\$a  BK
=037  \\$bWHO
=040  \\$aVaAlCD$beng$cVaAlCD$dUk
=041  \\$aeng
=245  00$aRegional Consultation with Member States on Regional Priorities for Programme Budget 2024-2025 /$cWorld Health Organization. Regional Office for South-East Asia.
=264  \1$a[Switzerland] :$bWorld Health Organization,$c2023.
=300  \\$a1 online resource.
=336  \\$atext$2rdacontent
=337  \\$acomputer$2rdamedia
=338  \\$aonline resource$2rdacarrier
=653  \\$anew delhi
=653  \\$aprogramme budget for 2024-2025
=710  2\$aWorld Health Organization.
=720  \\$aWorld Health Organization. Regional Office for South-East Asia
=856  4\$uhttps://policycommons.net/artifacts/3412865/regional-consultation-with-member-states-on-regional-priorities-for-programme-budget-2024-2025/4212285/$yWorld Health Organization document$ahttps://policycommons.net/
=859  \\$aORR$bWorld Health Organization
=884  \\$aLDL ebooks tsv to marcxml transformation using XSLTtest.xsl$g20230811$qUk
=CAT  \\$aBATCH-IGO$b00$c20230822$lBLL01$h1133
=CAT  \\$aBATCH-UPD$b00$c20230822$lBLL01$h1137
=FIN  \\$aY$d20230822
=SRC  \\$aCoherent Digital WHO$bwhoJuly23.mrc
=LAS  \\$aBATCH-UPD$b00$c20230822$lBLL01$h1137

