=LDR  03758nam a22005173i 4500
=001  021183581
=003  Uk
=005  20230822113341.0
=006  m\\\\||\\d\|\\\\\\
=007  cr\|||||||||||
=008  230811s2023\\\\sz\|||||o\\\\||||\||eng\\
=FMT  \\$a  BK
=037  \\$bWHO
=040  \\$aVaAlCD$beng$cVaAlCD$dUk
=041  \\$aeng
=245  00$aCan people afford to pay for health care? New evidence on financial protection in Belgium /$cNicolas Bouckaert.
=264  \1$a[Switzerland] :$bWorld Health Organization,$c2023.
=300  \\$a1 online resource.
=336  \\$atext$2rdacontent
=337  \\$acomputer$2rdamedia
=338  \\$aonline resource$2rdacarrier
=520  3\$aThis review is part of a series of country-based studies generating new evidence on financial protection in European health systems. Financial protection is central to universal health coverage and a core dimension of health system performance. The incidence of catastrophic health spending is higher in Belgium than in most other countries in western Europe. It is heavily concentrated in the poorest fifth of the population and among households headed by unemployed or inactive people. Rates of unmet need for health care and dental care in Belgium are similar to the European Union average, but there is a significant gap in unmet need between the richest and poorest people. The factors that undermine financial protection in Belgium include gaps in all three dimensions of health coverage (‎population coverage, service coverage and user charges)‎ and administrative barriers. At least 1% of the population is uninsured, rising to at least 2% in the Brussels region and among younger adults and self-employed people. On average, catastrophic spending is driven by out-of-pocket payments for medical products (‎owing to gaps in the benefits package)‎ and inpatient care (‎reflecting widespread balance billing)‎. In the poorest consumption quintile, however, it is mainly driven by outpatient medicines, diagnostic tests and outpatient care. The Government has recently taken steps to strengthen financial protection, but more can be done to simplify Belgium's unusually complex coverage policy and reduce co-payments and other out-of-pocket payments, particularly for low-income households - for example, abolishing retrospective reimbursement for all health services.
=520  3\$aextending the annual cap on co-payments to all health services and lowering it for people with very low incomes.
=520  3\$agranting automatic entitlement to everyone eligible for increased reimbursement (‎reduced co-payments)‎.
=520  3\$alimiting balance billing in outpatient and inpatient care.
=520  3\$aand strengthening regulation of the price of non-covered medical products.
=653  \\$aBelgium
=653  \\$aHealth Economics
=653  \\$aPoverty
=653  \\$abelgium
=653  \\$acopenhagen
=653  \\$afinancing, personal
=653  \\$ahealthcare financing
=653  \\$ahealth expenditures
=653  \\$ahealth services accessibility
=653  \\$apoverty
=700  1\$aBouckaert, Nicolas.
=710  2\$aWorld Health Organization.
=856  4\$uhttps://policycommons.net/artifacts/3454293/can-people-afford-to-pay-for-health-care-new-evidence-on-financial-protection-in-belgium/4254611/$yWorld Health Organization document$ahttps://policycommons.net/
=859  \\$aORR$bWorld Health Organization
=884  \\$aLDL ebooks tsv to marcxml transformation using XSLTtest.xsl$g20230811$qUk
=CAT  \\$aBATCH-IGO$b00$c20230822$lBLL01$h1133
=CAT  \\$aBATCH-UPD$b00$c20230822$lBLL01$h1137
=FIN  \\$aY$d20230822
=SRC  \\$aCoherent Digital WHO$bwhoJuly23.mrc
=LAS  \\$aBATCH-UPD$b00$c20230822$lBLL01$h1137

