=LDR  02170nam a22004573i 4500
=001  021183586
=003  Uk
=005  20230822113342.0
=006  m\\\\||\\d\|\\\\\\
=007  cr\|||||||||||
=008  230811s2023\\\\sz\|||||o\\\\||||\||eng\\
=FMT  \\$a  BK
=037  \\$bWHO
=040  \\$aVaAlCD$beng$cVaAlCD$dUk
=041  \\$aeng
=245  00$aBudget execution in health: case study: Ukraine /$cWorld Health Organization. Regional Office for Europe.
=264  \1$a[Switzerland] :$bWorld Health Organization,$c2023.
=300  \\$a1 online resource.
=336  \\$atext$2rdacontent
=337  \\$acomputer$2rdamedia
=338  \\$aonline resource$2rdacarrier
=520  3\$aThis report was finalized in early 2022 and is therefore a snapshot of Ukraine's budget execution as it was just before the start of the war. It will take years to duly account for the impact of the war on the systems and processes of health budget implementation, and to assess how resiliently they will have emerged from this horrendous disruption. However, rapid monitoring of the government's activities four months into the new reality is giving encouraging signals that much if not most of the institutional framework discussed in this report is holding strong and is fully functional.
=653  \\$aEconomics
=653  \\$aUkraine
=653  \\$abudgets
=653  \\$acopenhagen
=653  \\$aeconomics
=653  \\$afinancial audit
=653  \\$ahealth care costs
=653  \\$ahealth care economics and organizations
=653  \\$aukraine
=710  2\$aWorld Health Organization.
=720  \\$aWorld Health Organization. Regional Office for Europe
=856  4\$uhttps://policycommons.net/artifacts/3529930/budget-execution-in-health/4330836/$yWorld Health Organization document$ahttps://policycommons.net/
=859  \\$aORR$bWorld Health Organization
=884  \\$aLDL ebooks tsv to marcxml transformation using XSLTtest.xsl$g20230811$qUk
=CAT  \\$aBATCH-IGO$b00$c20230822$lBLL01$h1133
=CAT  \\$aBATCH-UPD$b00$c20230822$lBLL01$h1137
=FIN  \\$aY$d20230822
=SRC  \\$aCoherent Digital WHO$bwhoJuly23.mrc
=LAS  \\$aBATCH-UPD$b00$c20230822$lBLL01$h1137

