=LDR  02063nam a22005533i 4500
=001  021183587
=003  Uk
=005  20230822113342.0
=006  m\\\\||\\d\|\\\\\\
=007  cr\|||||||||||
=008  230811s2023\\\\sz\|||||o\\\\||||\||eng\\
=FMT  \\$a  BK
=037  \\$bWHO
=040  \\$aVaAlCD$beng$cVaAlCD$dUk
=041  \\$aeng
=245  00$aIntegrating mental health in primary health care: part 3. toolkit for integration of mental health in primary health care /$cWorld Health Organization. Regional Office for the Eastern Mediterranean.
=264  \1$a[Switzerland] :$bWorld Health Organization,$c2023.
=300  \\$a1 online resource.
=336  \\$atext$2rdacontent
=337  \\$acomputer$2rdamedia
=338  \\$aonline resource$2rdacarrier
=520  3\$a102 p.
=653  \\$aMediterranean Region
=653  \\$aMental Health
=653  \\$aPrimary Health Care
=653  \\$acairo
=653  \\$adelivery of health care, integrated
=653  \\$adrugs, essential
=653  \\$aemergencies
=653  \\$ahealthcare financing
=653  \\$ahealth information systems
=653  \\$alegislation & jurisprudence
=653  \\$amediterranean region
=653  \\$amental health
=653  \\$amental health services
=653  \\$anoncommunicable diseases
=653  \\$aorganization & administration
=653  \\$aprimary health care
=653  \\$aworkforce
=710  2\$aWorld Health Organization.
=720  \\$aWorld Health Organization. Regional Office for the Eastern Mediterranean
=856  4\$uhttps://policycommons.net/artifacts/3882285/integrating-mental-health-in-primary-health-care/4688621/$yWorld Health Organization document$ahttps://policycommons.net/
=859  \\$aORR$bWorld Health Organization
=884  \\$aLDL ebooks tsv to marcxml transformation using XSLTtest.xsl$g20230811$qUk
=CAT  \\$aBATCH-IGO$b00$c20230822$lBLL01$h1133
=CAT  \\$aBATCH-UPD$b00$c20230822$lBLL01$h1137
=FIN  \\$aY$d20230822
=SRC  \\$aCoherent Digital WHO$bwhoJuly23.mrc
=LAS  \\$aBATCH-UPD$b00$c20230822$lBLL01$h1137

