=LDR  03464nam a22005053i 4500
=001  021183592
=003  Uk
=005  20230822113342.0
=006  m\\\\||\\d\|\\\\\\
=007  cr\|||||||||||
=008  230811s2023\\\\sz\|||||o\\\\||||\||eng\\
=FMT  \\$a  BK
=037  \\$bWHO
=040  \\$aVaAlCD$beng$cVaAlCD$dUk
=041  \\$aeng
=245  00$aEvaluation of lateral flow and ELISA techniques for detecting IgG and IgM antibodies in COVID-19 cases in Türkiye /$cAyse Arikan.
=264  \1$a[Switzerland] :$bWorld Health Organization,$c2023.
=300  \\$a1 online resource.
=336  \\$atext$2rdacontent
=337  \\$acomputer$2rdamedia
=338  \\$aonline resource$2rdacarrier
=520  3\$aBackground: Antibody testing can complement molecular assays for detecting COVID-19. Aims: We evaluated the concurrence between lateral flow assay and enzyme-linked immunosorbent assay (‎ELISA)‎ for the detection of antibodies in severe acute respiratory syndrome coronavirus-2 (‎SARS-CoV-2)‎. Methods: The study was conducted at Kocaeli University, Türkiye. We used a lateral flow assay and ELISA to test serum samples from COVID-19 cases, confirmed by polymerase chain reaction assays (‎study group)‎ and pre-pandemic stored serum samples (‎control group)‎. We used Deming regression to evaluate the antibody measurements. Results: The study group included 100 COVID-19 cases, and the control group included pre-pandemic samples from 156 individuals. The lateral flow assay detected immunoglobulin M (‎IgM)‎ and G (‎IgG)‎ antibodies in 35 and 37 study group samples. ELISA detected IgM nucleocapsid (‎N)‎ antibodies in 18 samples, and IgG (‎N)‎ and IgG spike 1 (‎S1)‎ antibodies in 31 and 29 samples, respectively. None of the techniques detected antibodies in the control samples. Strong correlations were found between lateral flow IgG (‎N+ receptor-binding domain + S1)‎ and ELISA IgG (‎S)‎ (‎r = 0.93, P &lt.
=520  3\$a0.01)‎ and ELISA IgG (‎N)‎ (‎r = 0.81, P &lt.
=520  3\$a0.01)‎. Weaker correlations were seen between ELISA IgG S and IgG N (‎r = 0.79, P &lt.
=520  3\$a0.01)‎ and lateral flow assay and ELISA IgM (‎N)‎ (‎r = 0.70, P &lt.
=520  3\$a0.01)‎. Conclusion: Lateral flow assay and ELISA techniques gave consistent results for IgG/IgM antibody measurements towards spike and nucleocapsid proteins, suggesting that both methods can be used to detect COVID-19 where access to molecular test kits is difficult.3-4.
=653  \\$aCOVID-19
=653  \\$aTurkey
=653  \\$abetacoronavirus
=653  \\$acairo
=653  \\$acoronavirus disease (‎covid-19)‎
=653  \\$acovid-19
=653  \\$adiagnosis
=653  \\$adisease outbreaks
=653  \\$aturkey
=700  1\$aAyse Arikan.
=710  2\$aWorld Health Organization.
=856  4\$uhttps://policycommons.net/artifacts/3524521/evaluation-of-lateral-flow-and-elisa-techniques-for-detecting-igg-and-igm-antibodies-in-covid-19-cases-in-turkiye/4325174/$yWorld Health Organization document$ahttps://policycommons.net/
=859  \\$aORR$bWorld Health Organization
=884  \\$aLDL ebooks tsv to marcxml transformation using XSLTtest.xsl$g20230811$qUk
=CAT  \\$aBATCH-IGO$b00$c20230822$lBLL01$h1133
=CAT  \\$aBATCH-UPD$b00$c20230822$lBLL01$h1137
=FIN  \\$aY$d20230822
=SRC  \\$aCoherent Digital WHO$bwhoJuly23.mrc
=LAS  \\$aBATCH-UPD$b00$c20230822$lBLL01$h1137

